nanosEpoch,time,msuk,source,cbidPx,cbidSz,caskPx,caskSz,bidPx,bidSz,askPx,askSz,tradePx,tradeSz,channelId,seqNum,msgIdx
1565157926599984000,2019-08-07 06:05:26.599984,79889147,EUREX,80.785,92,80.785,109,80.785,92,80.785,109,0,0,0,597283,0
1565157926600496000,2019-08-07 06:05:26.600496,79889147,EUREX,80.812,97,80.812,106,80.812,97,80.812,106,0,0,0,597283,0
1565157926600999000,2019-08-07 06:05:26.600999,79889147,EUREX,81.891,110,81.891,90,81.891,110,81.891,90,0,0,0,597283,0
1565157926601483000,2019-08-07 06:05:26.601483,79889147,EUREX,83.138,98,83.138,110,83.138,98,83.138,110,0,0,0,597283,0
1565157926601963000,2019-08-07 06:05:26.601963,79889147,EUREX,83.75,104,83.78,96,83.75,104,83.78,96,0,0,0,597283,0
1565157926602462000,2019-08-07 06:05:26.602462,79889147,EUREX,83.851,100,83.851,108,83.851,100,83.851,108,0,0,0,597283,0
1565157926602947000,2019-08-07 06:05:26.602947,79889147,EUREX,85.517,106,85.527,100,85.517,106,85.527,100,0,0,0,597283,0
1565157926603449000,2019-08-07 06:05:26.603449,79889147,EUREX,84.707,98,84.707,89,84.707,98,84.707,89,0,0,0,597283,0
1565157926603974000,2019-08-07 06:05:26.603974,79889147,EUREX,84.058,102,84.058,95,84.058,102,84.058,95,0,0,0,597283,0
1565157926604488000,2019-08-07 06:05:26.604488,79889147,EUREX,85.456,105,85.536,104,85.456,105,85.536,104,0,0,0,597283,0
1565157926604984000,2019-08-07 06:05:26.604984,79889147,EUREX,85.299,115,85.299,105,85.299,115,85.299,105,0,0,0,597283,0
1565157926605482000,2019-08-07 06:05:26.605482,79889147,EUREX,85.347,88,85.347,98,85.347,88,85.347,98,0,0,0,597283,0
1565157926605972000,2019-08-07 06:05:26.605972,79889147,EUREX,84.042,102,84.062,105,84.042,102,84.062,105,0,0,0,597283,0
1565157926606480000,2019-08-07 06:05:26.606480,79889147,EUREX,82.021,108,82.051,105,82.021,108,82.051,105,0,0,0,597283,0
1565157926606968000,2019-08-07 06:05:26.606968,79889147,EUREX,81.867,102,81.867,92,81.867,102,81.867,92,0,0,0,597283,0
1565157926607457000,2019-08-07 06:05:26.607457,79889147,EUREX,81.433,81,81.453,94,81.433,81,81.453,94,0,0,0,597283,0
1565157926607942000,2019-08-07 06:05:26.607942,79889147,EUREX,82.518,100,82.518,106,82.518,100,82.518,106,0,0,0,597283,0
1565157926608444000,2019-08-07 06:05:26.608444,79889147,EUREX,82.204,91,82.204,102,82.204,91,82.204,102,0,0,0,597283,0
1565157926608926000,2019-08-07 06:05:26.608926,79889147,EUREX,81.259,108,81.329,98,81.259,108,81.329,98,0,0,0,597283,0
1565157926609398000,2019-08-07 06:05:26.609398,79889147,EUREX,80.782,95,80.872,98,80.782,95,80.872,98,0,0,0,597283,0
1565157926609869000,2019-08-07 06:05:26.609869,79889147,EUREX,80.955,107,80.975,108,80.955,107,80.975,108,0,0,0,597283,0
1565157926610347000,2019-08-07 06:05:26.610347,79889147,EUREX,78.919,117,78.919,100,78.919,117,78.919,100,0,0,0,597283,0
1565157926610838000,2019-08-07 06:05:26.610838,79889147,EUREX,79.224,107,79.224,98,79.224,107,79.224,98,0,0,0,597283,0
1565157926611334000,2019-08-07 06:05:26.611334,79889147,EUREX,79.762,100,79.772,99,79.762,100,79.772,99,0,0,0,597283,0
1565157926611863000,2019-08-07 06:05:26.611863,79889147,EUREX,78.93,99,78.93,98,78.93,99,78.93,98,0,0,0,597283,0
1565157926612356000,2019-08-07 06:05:26.612356,79889147,EUREX,78.691,98,78.70100000000001,103,78.691,98,78.70100000000001,103,0,0,0,597283,0
1565157926612866000,2019-08-07 06:05:26.612866,79889147,EUREX,79.393,97,79.393,103,79.393,97,79.393,103,0,0,0,597283,0
1565157926613345000,2019-08-07 06:05:26.613345,79889147,EUREX,78.427,101,78.427,107,78.427,101,78.427,107,0,0,0,597283,0
1565157926613840000,2019-08-07 06:05:26.613840,79889147,EUREX,79.724,103,79.724,106,79.724,103,79.724,106,0,0,0,597283,0
1565157926614353000,2019-08-07 06:05:26.614353,79889147,EUREX,79.599,99,79.599,106,79.599,99,79.599,106,0,0,0,597283,0
1565157926614863000,2019-08-07 06:05:26.614863,79889147,EUREX,81.31,100,81.31,104,81.31,100,81.31,104,0,0,0,597283,0
1565157926615344000,2019-08-07 06:05:26.615344,79889147,EUREX,82.347,112,82.347,97,82.347,112,82.347,97,0,0,0,597283,0
1565157926615837000,2019-08-07 06:05:26.615837,79889147,EUREX,82.891,102,82.891,106,82.891,102,82.891,106,0,0,0,597283,0
1565157926616334000,2019-08-07 06:05:26.616334,79889147,EUREX,82.765,115,82.765,95,82.765,115,82.765,95,0,0,0,597283,0
1565157926616828000,2019-08-07 06:05:26.616828,79889147,EUREX,84.613,96,84.613,104,84.613,96,84.613,104,0,0,0,597283,0
1565157926617323000,2019-08-07 06:05:26.617323,79889147,EUREX,84.347,107,84.377,107,84.347,107,84.377,107,0,0,0,597283,0
1565157926617842000,2019-08-07 06:05:26.617842,79889147,EUREX,84.004,111,84.024,98,84.004,111,84.024,98,0,0,0,597283,0
1565157926618346000,2019-08-07 06:05:26.618346,79889147,EUREX,82.82,101,82.82,103,82.82,101,82.82,103,0,0,0,597283,0
1565157926618854000,2019-08-07 06:05:26.618854,79889147,EUREX,82.51,92,82.51,101,82.51,92,82.51,101,0,0,0,597283,0
1565157926619355000,2019-08-07 06:05:26.619355,79889147,EUREX,82.041,101,82.101,103,82.041,101,82.101,103,0,0,0,597283,0
1565157926619866000,2019-08-07 06:05:26.619866,79889147,EUREX,81.643,100,81.643,92,81.643,100,81.643,92,0,0,0,597283,0
1565157926620392000,2019-08-07 06:05:26.620392,79889147,EUREX,82.208,118,82.208,97,82.208,118,82.208,97,0,0,0,597283,0
1565157926620881000,2019-08-07 06:05:26.620881,79889147,EUREX,82.625,101,82.635,108,82.625,101,82.635,108,0,0,0,597283,0
1565157926621380000,2019-08-07 06:05:26.621380,79889147,EUREX,82.02,99,82.03,92,82.02,99,82.03,92,0,0,0,597283,0
1565157926621876000,2019-08-07 06:05:26.621876,79889147,EUREX,79.941,110,80.001,106,79.941,110,80.001,106,0,0,0,597283,0
1565157926622363000,2019-08-07 06:05:26.622363,79889147,EUREX,79.898,96,79.898,101,79.898,96,79.898,101,0,0,0,597283,0
1565157926622871000,2019-08-07 06:05:26.622871,79889147,EUREX,78.294,98,78.294,107,78.294,98,78.294,107,0,0,0,597283,0
1565157926623356000,2019-08-07 06:05:26.623356,79889147,EUREX,78.242,108,78.242,102,78.242,108,78.242,102,0,0,0,597283,0
1565157926623850000,2019-08-07 06:05:26.623850,79889147,EUREX,78.119,107,78.119,97,78.119,107,78.119,97,0,0,0,597283,0
1565157926624371000,2019-08-07 06:05:26.624371,79889147,EUREX,78.215,85,78.215,100,78.215,85,78.215,100,0,0,0,597283,0
1565157926624870000,2019-08-07 06:05:26.624870,79889147,EUREX,78.699,105,78.699,98,78.699,105,78.699,98,0,0,0,597283,0
1565157926625385000,2019-08-07 06:05:26.625385,79889147,EUREX,80.531,97,80.531,101,80.531,97,80.531,101,0,0,0,597283,0
1565157926625916000,2019-08-07 06:05:26.625916,79889147,EUREX,79.671,91,79.671,99,79.671,91,79.671,99,0,0,0,597283,0
1565157926626436000,2019-08-07 06:05:26.626436,79889147,EUREX,78.63,96,78.63,111,78.63,96,78.63,111,0,0,0,597283,0
1565157926626930000,2019-08-07 06:05:26.626930,79889147,EUREX,80.39,97,80.39,107,80.39,97,80.39,107,0,0,0,597283,0
1565157926627457000,2019-08-07 06:05:26.627457,79889147,EUREX,79.39,105,79.43,94,79.39,105,79.43,94,0,0,0,597283,0
1565157926627951000,2019-08-07 06:05:26.627951,79889147,EUREX,79.409,96,79.409,100,79.409,96,79.409,100,0,0,0,597283,0
1565157926628456000,2019-08-07 06:05:26.628456,79889147,EUREX,79.883,94,79.883,90,79.883,94,79.883,90,0,0,0,597283,0
1565157926628967000,2019-08-07 06:05:26.628967,79889147,EUREX,79.83,105,79.83,95,79.83,105,79.83,95,0,0,0,597283,0
1565157926629482000,2019-08-07 06:05:26.629482,79889147,EUREX,80.14,106,80.23,105,80.14,106,80.23,105,0,0,0,597283,0
1565157926629956000,2019-08-07 06:05:26.629956,79889147,EUREX,79.285,94,79.285,95,79.285,94,79.285,95,0,0,0,597283,0
1565157926630460000,2019-08-07 06:05:26.630460,79889147,EUREX,78.01,103,78.01,108,78.01,103,78.01,108,0,0,0,597283,0
1565157926630975000,2019-08-07 06:05:26.630975,79889147,EUREX,76.602,99,76.61200000000001,103,76.602,99,76.61200000000001,103,0,0,0,597283,0
1565157926631478000,2019-08-07 06:05:26.631478,79889147,EUREX,77.641,111,77.73100000000001,101,77.641,111,77.73100000000001,101,0,0,0,597283,0
1565157926631986000,2019-08-07 06:05:26.631986,79889147,EUREX,77.16,100,77.28999999999999,98,77.16,100,77.28999999999999,98,0,0,0,597283,0
1565157926632493000,2019-08-07 06:05:26.632493,79889147,EUREX,75.765,89,75.785,96,75.765,89,75.785,96,0,0,0,597283,0
1565157926632996000,2019-08-07 06:05:26.632996,79889147,EUREX,77.517,101,77.53699999999999,102,77.517,101,77.53699999999999,102,0,0,0,597283,0
1565157926633479000,2019-08-07 06:05:26.633479,79889147,EUREX,76.714,90,76.754,100,76.714,90,76.754,100,0,0,0,597283,0
1565157926633966000,2019-08-07 06:05:26.633966,79889147,EUREX,77.494,110,77.514,112,77.494,110,77.514,112,0,0,0,597283,0
1565157926634452000,2019-08-07 06:05:26.634452,79889147,EUREX,76.906,111,76.936,91,76.906,111,76.936,91,0,0,0,597283,0
1565157926634943000,2019-08-07 06:05:26.634943,79889147,EUREX,77.519,91,77.519,106,77.519,91,77.519,106,0,0,0,597283,0
1565157926635435000,2019-08-07 06:05:26.635435,79889147,EUREX,78.269,101,78.269,111,78.269,101,78.269,111,0,0,0,597283,0
1565157926635901000,2019-08-07 06:05:26.635901,79889147,EUREX,78.51,101,78.53,95,78.51,101,78.53,95,0,0,0,597283,0
1565157926636365000,2019-08-07 06:05:26.636365,79889147,EUREX,77.064,100,77.074,85,77.064,100,77.074,85,0,0,0,597283,0
1565157926636860000,2019-08-07 06:05:26.636860,79889147,EUREX,76.416,101,76.43599999999999,113,76.416,101,76.43599999999999,113,0,0,0,597283,0
1565157926637367000,2019-08-07 06:05:26.637367,79889147,EUREX,75.87,105,75.87,82,75.87,105,75.87,82,0,0,0,597283,0
1565157926637876000,2019-08-07 06:05:26.637876,79889147,EUREX,75.766,105,75.77600000000001,114,75.766,105,75.77600000000001,114,0,0,0,597283,0
1565157926638374000,2019-08-07 06:05:26.638374,79889147,EUREX,75.261,91,75.381,106,75.261,91,75.381,106,0,0,0,597283,0
1565157926638902000,2019-08-07 06:05:26.638902,79889147,EUREX,75.401,82,75.401,95,75.401,82,75.401,95,0,0,0,597283,0
1565157926639407000,2019-08-07 06:05:26.639407,79889147,EUREX,74.687,112,74.687,94,74.687,112,74.687,94,0,0,0,597283,0
1565157926639895000,2019-08-07 06:05:26.639895,79889147,EUREX,75.351,109,75.351,88,75.351,109,75.351,88,0,0,0,597283,0
1565157926640392000,2019-08-07 06:05:26.640392,79889147,EUREX,75.08,106,75.08,100,75.08,106,75.08,100,0,0,0,597283,0
1565157926640916000,2019-08-07 06:05:26.640916,79889147,EUREX,74.798,92,74.798,91,74.798,92,74.798,91,0,0,0,597283,0
1565157926641426000,2019-08-07 06:05:26.641426,79889147,EUREX,74.323,96,74.43299999999999,98,74.323,96,74.43299999999999,98,0,0,0,597283,0
1565157926641932000,2019-08-07 06:05:26.641932,79889147,EUREX,74.841,106,74.871,105,74.841,106,74.871,105,0,0,0,597283,0
1565157926642430000,2019-08-07 06:05:26.642430,79889147,EUREX,74.743,108,74.753,106,74.743,108,74.753,106,0,0,0,597283,0
1565157926642919000,2019-08-07 06:05:26.642919,79889147,EUREX,75.128,90,75.158,100,75.128,90,75.158,100,0,0,0,597283,0
1565157926643406000,2019-08-07 06:05:26.643406,79889147,EUREX,74.755,92,74.755,91,74.755,92,74.755,91,0,0,0,597283,0
1565157926643920000,2019-08-07 06:05:26.643920,79889147,EUREX,75.24,100,75.24,95,75.24,100,75.24,95,0,0,0,597283,0
1565157926644440000,2019-08-07 06:05:26.644440,79889147,EUREX,75.889,98,76.109,89,75.889,98,76.109,89,0,0,0,597283,0
1565157926644943000,2019-08-07 06:05:26.644943,79889147,EUREX,77.706,113,77.706,96,77.706,113,77.706,96,0,0,0,597283,0
1565157926645434000,2019-08-07 06:05:26.645434,79889147,EUREX,77.791,102,77.801,96,77.791,102,77.801,96,0,0,0,597283,0
1565157926645928000,2019-08-07 06:05:26.645928,79889147,EUREX,77.012,99,77.022,102,77.012,99,77.022,102,0,0,0,597283,0
1565157926646441000,2019-08-07 06:05:26.646441,79889147,EUREX,76.54,99,76.54,99,76.54,99,76.54,99,0,0,0,597283,0
1565157926646924000,2019-08-07 06:05:26.646924,79889147,EUREX,75.04,93,75.04,85,75.04,93,75.04,85,0,0,0,597283,0
1565157926647392000,2019-08-07 06:05:26.647392,79889147,EUREX,76.097,107,76.107,107,76.097,107,76.107,107,0,0,0,597283,0
1565157926647911000,2019-08-07 06:05:26.647911,79889147,EUREX,75.987,107,75.987,98,75.987,107,75.987,98,0,0,0,597283,0
1565157926648390000,2019-08-07 06:05:26.648390,79889147,EUREX,76.215,97,76.22500000000001,105,76.215,97,76.22500000000001,105,0,0,0,597283,0
1565157926648894000,2019-08-07 06:05:26.648894,79889147,EUREX,76.065,94,76.075,110,76.065,94,76.075,110,0,0,0,597283,0
1565157926649385000,2019-08-07 06:05:26.649385,79889147,EUREX,76.322,99,76.322,90,76.322,99,76.322,90,0,0,0,597283,0
1565157926649885000,2019-08-07 06:05:26.649885,79889147,EUREX,77.356,103,77.356,111,77.356,103,77.356,111,0,0,0,597283,0
1565157926650399000,2019-08-07 06:05:26.650399,79889147,EUREX,77.498,82,77.498,93,77.498,82,77.498,93,0,0,0,597283,0
1565157926650912000,2019-08-07 06:05:26.650912,79889147,EUREX,77.176,107,77.176,95,77.176,107,77.176,95,0,0,0,597283,0
1565157926651426000,2019-08-07 06:05:26.651426,79889147,EUREX,76.802,95,76.902,85,76.802,95,76.902,85,0,0,0,597283,0
1565157926651943000,2019-08-07 06:05:26.651943,79889147,EUREX,75.33,107,75.39,105,75.33,107,75.39,105,0,0,0,597283,0
1565157926652443000,2019-08-07 06:05:26.652443,79889147,EUREX,76.28,108,76.28,95,76.28,108,76.28,95,0,0,0,597283,0
1565157926652934000,2019-08-07 06:05:26.652934,79889147,EUREX,76.594,99,76.594,103,76.594,99,76.594,103,0,0,0,597283,0
1565157926653419000,2019-08-07 06:05:26.653419,79889147,EUREX,78.006,98,78.006,89,78.006,98,78.006,89,0,0,0,597283,0
1565157926653917000,2019-08-07 06:05:26.653917,79889147,EUREX,78.087,103,78.087,110,78.087,103,78.087,110,0,0,0,597283,0
1565157926654418000,2019-08-07 06:05:26.654418,79889147,EUREX,78.454,104,78.564,100,78.454,104,78.564,100,0,0,0,597283,0
1565157926654924000,2019-08-07 06:05:26.654924,79889147,EUREX,78.976,109,78.976,107,78.976,109,78.976,107,0,0,0,597283,0
1565157926655426000,2019-08-07 06:05:26.655426,79889147,EUREX,78.693,100,78.693,99,78.693,100,78.693,99,0,0,0,597283,0
1565157926655920000,2019-08-07 06:05:26.655920,79889147,EUREX,77.276,95,77.286,102,77.276,95,77.286,102,0,0,0,597283,0
1565157926656403000,2019-08-07 06:05:26.656403,79889147,EUREX,76.587,102,76.657,104,76.587,102,76.657,104,0,0,0,597283,0
1565157926656893000,2019-08-07 06:05:26.656893,79889147,EUREX,77.95,97,77.95,110,77.95,97,77.95,110,0,0,0,597283,0
1565157926657374000,2019-08-07 06:05:26.657374,79889147,EUREX,78.595,102,78.605,100,78.595,102,78.605,100,0,0,0,597283,0
1565157926657875000,2019-08-07 06:05:26.657875,79889147,EUREX,78.334,109,78.34400000000001,109,78.334,109,78.34400000000001,109,0,0,0,597283,0
1565157926658395000,2019-08-07 06:05:26.658395,79889147,EUREX,78.07,94,78.07,119,78.07,94,78.07,119,0,0,0,597283,0
1565157926658885000,2019-08-07 06:05:26.658885,79889147,EUREX,78.134,93,78.294,98,78.134,93,78.294,98,0,0,0,597283,0
1565157926659394000,2019-08-07 06:05:26.659394,79889147,EUREX,77.892,106,77.892,109,77.892,106,77.892,109,0,0,0,597283,0
1565157926659897000,2019-08-07 06:05:26.659897,79889147,EUREX,76.846,101,76.85600000000001,120,76.846,101,76.85600000000001,120,0,0,0,597283,0
1565157926660383000,2019-08-07 06:05:26.660383,79889147,EUREX,77.269,98,77.349,102,77.269,98,77.349,102,0,0,0,597283,0
1565157926660889000,2019-08-07 06:05:26.660889,79889147,EUREX,77.883,104,77.883,91,77.883,104,77.883,91,0,0,0,597283,0
1565157926661399000,2019-08-07 06:05:26.661399,79889147,EUREX,78.039,102,78.049,103,78.039,102,78.049,103,0,0,0,597283,0
1565157926661873000,2019-08-07 06:05:26.661873,79889147,EUREX,78.741,91,78.741,96,78.741,91,78.741,96,0,0,0,597283,0
1565157926662360000,2019-08-07 06:05:26.662360,79889147,EUREX,79.394,103,79.394,91,79.394,103,79.394,91,0,0,0,597283,0
1565157926662877000,2019-08-07 06:05:26.662877,79889147,EUREX,79.454,92,79.454,81,79.454,92,79.454,81,0,0,0,597283,0
1565157926663376000,2019-08-07 06:05:26.663376,79889147,EUREX,78.627,96,78.627,98,78.627,96,78.627,98,0,0,0,597283,0
1565157926663883000,2019-08-07 06:05:26.663883,79889147,EUREX,80.383,106,80.383,107,80.383,106,80.383,107,0,0,0,597283,0
1565157926664394000,2019-08-07 06:05:26.664394,79889147,EUREX,81.739,96,81.739,96,81.739,96,81.739,96,0,0,0,597283,0
1565157926664892000,2019-08-07 06:05:26.664892,79889147,EUREX,81.785,101,81.91499999999999,101,81.785,101,81.91499999999999,101,0,0,0,597283,0
1565157926665384000,2019-08-07 06:05:26.665384,79889147,EUREX,81.601,107,81.651,105,81.601,107,81.651,105,0,0,0,597283,0
1565157926665906000,2019-08-07 06:05:26.665906,79889147,EUREX,80.905,94,80.905,108,80.905,94,80.905,108,0,0,0,597283,0
1565157926666413000,2019-08-07 06:05:26.666413,79889147,EUREX,81.659,97,81.659,105,81.659,97,81.659,105,0,0,0,597283,0
1565157926666921000,2019-08-07 06:05:26.666921,79889147,EUREX,82.624,104,82.64399999999999,109,82.624,104,82.64399999999999,109,0,0,0,597283,0
1565157926667452000,2019-08-07 06:05:26.667452,79889147,EUREX,81.571,87,81.571,110,81.571,87,81.571,110,0,0,0,597283,0
1565157926667946000,2019-08-07 06:05:26.667946,79889147,EUREX,80.714,93,80.714,92,80.714,93,80.714,92,0,0,0,597283,0
1565157926668428000,2019-08-07 06:05:26.668428,79889147,EUREX,82.057,92,82.107,85,82.057,92,82.107,85,0,0,0,597283,0
1565157926668897000,2019-08-07 06:05:26.668897,79889147,EUREX,83.302,90,83.432,89,83.302,90,83.432,89,0,0,0,597283,0
1565157926669385000,2019-08-07 06:05:26.669385,79889147,EUREX,82.691,98,82.691,111,82.691,98,82.691,111,0,0,0,597283,0
1565157926669884000,2019-08-07 06:05:26.669884,79889147,EUREX,83.327,98,83.327,106,83.327,98,83.327,106,0,0,0,597283,0
1565157926670363000,2019-08-07 06:05:26.670363,79889147,EUREX,82.695,97,82.695,94,82.695,97,82.695,94,0,0,0,597283,0
1565157926670891000,2019-08-07 06:05:26.670891,79889147,EUREX,81.638,97,81.64800000000001,113,81.638,97,81.64800000000001,113,0,0,0,597283,0
1565157926671386000,2019-08-07 06:05:26.671386,79889147,EUREX,80.965,95,80.985,103,80.965,95,80.985,103,0,0,0,597283,0
1565157926671879000,2019-08-07 06:05:26.671879,79889147,EUREX,80.278,115,80.278,109,80.278,115,80.278,109,0,0,0,597283,0
1565157926672382000,2019-08-07 06:05:26.672382,79889147,EUREX,79.745,104,79.745,96,79.745,104,79.745,96,0,0,0,597283,0
1565157926672913000,2019-08-07 06:05:26.672913,79889147,EUREX,79.728,98,79.728,103,79.728,98,79.728,103,0,0,0,597283,0
1565157926673421000,2019-08-07 06:05:26.673421,79889147,EUREX,80.518,107,80.518,111,80.518,107,80.518,111,0,0,0,597283,0
1565157926673924000,2019-08-07 06:05:26.673924,79889147,EUREX,79.752,99,79.752,113,79.752,99,79.752,113,0,0,0,597283,0
1565157926674442000,2019-08-07 06:05:26.674442,79889147,EUREX,81.201,97,81.291,108,81.201,97,81.291,108,0,0,0,597283,0
1565157926674939000,2019-08-07 06:05:26.674939,79889147,EUREX,81.273,88,81.273,94,81.273,88,81.273,94,0,0,0,597283,0
1565157926675433000,2019-08-07 06:05:26.675433,79889147,EUREX,81.826,102,81.826,101,81.826,102,81.826,101,0,0,0,597283,0
1565157926675932000,2019-08-07 06:05:26.675932,79889147,EUREX,81.57,100,81.57,106,81.57,100,81.57,106,0,0,0,597283,0
1565157926676445000,2019-08-07 06:05:26.676445,79889147,EUREX,81.571,93,81.591,96,81.571,93,81.591,96,0,0,0,597283,0
1565157926676941000,2019-08-07 06:05:26.676941,79889147,EUREX,80.862,110,80.862,95,80.862,110,80.862,95,0,0,0,597283,0
1565157926677432000,2019-08-07 06:05:26.677432,79889147,EUREX,81.261,101,81.31099999999999,87,81.261,101,81.31099999999999,87,0,0,0,597283,0
1565157926677942000,2019-08-07 06:05:26.677942,79889147,EUREX,80.086,91,80.136,100,80.086,91,80.136,100,0,0,0,597283,0
1565157926678426000,2019-08-07 06:05:26.678426,79889147,EUREX,79.542,97,79.542,91,79.542,97,79.542,91,0,0,0,597283,0
1565157926678913000,2019-08-07 06:05:26.678913,79889147,EUREX,79.187,109,79.187,107,79.187,109,79.187,107,0,0,0,597283,0
1565157926679426000,2019-08-07 06:05:26.679426,79889147,EUREX,79.624,94,79.624,97,79.624,94,79.624,97,0,0,0,597283,0
1565157926679921000,2019-08-07 06:05:26.679921,79889147,EUREX,78.134,103,78.134,100,78.134,103,78.134,100,0,0,0,597283,0
1565157926680414000,2019-08-07 06:05:26.680414,79889147,EUREX,77.868,103,77.868,102,77.868,103,77.868,102,0,0,0,597283,0
1565157926680943000,2019-08-07 06:05:26.680943,79889147,EUREX,79.928,96,79.958,100,79.928,96,79.958,100,0,0,0,597283,0
1565157926681392000,2019-08-07 06:05:26.681392,79889147,EUREX,79.563,96,79.563,97,79.563,96,79.563,97,0,0,0,597283,0
1565157926681883000,2019-08-07 06:05:26.681883,79889147,EUREX,78.978,105,78.978,98,78.978,105,78.978,98,0,0,0,597283,0
1565157926682395000,2019-08-07 06:05:26.682395,79889147,EUREX,79.961,103,79.961,102,79.961,103,79.961,102,0,0,0,597283,0
1565157926682895000,2019-08-07 06:05:26.682895,79889147,EUREX,81.063,102,81.063,111,81.063,102,81.063,111,0,0,0,597283,0
1565157926683397000,2019-08-07 06:05:26.683397,79889147,EUREX,82.085,101,82.235,107,82.085,101,82.235,107,0,0,0,597283,0
1565157926683893000,2019-08-07 06:05:26.683893,79889147,EUREX,81.416,99,81.416,95,81.416,99,81.416,95,0,0,0,597283,0
1565157926684424000,2019-08-07 06:05:26.684424,79889147,EUREX,80.612,97,80.642,109,80.612,97,80.642,109,0,0,0,597283,0
1565157926684932000,2019-08-07 06:05:26.684932,79889147,EUREX,80.965,96,80.965,99,80.965,96,80.965,99,0,0,0,597283,0
1565157926685452000,2019-08-07 06:05:26.685452,79889147,EUREX,81.917,97,81.917,96,81.917,97,81.917,96,0,0,0,597283,0
1565157926685963000,2019-08-07 06:05:26.685963,79889147,EUREX,83.064,103,83.094,97,83.064,103,83.094,97,0,0,0,597283,0
1565157926686472000,2019-08-07 06:05:26.686472,79889147,EUREX,82.805,82,82.915,107,82.805,82,82.915,107,0,0,0,597283,0
1565157926686979000,2019-08-07 06:05:26.686979,79889147,EUREX,85.018,97,85.018,99,85.018,97,85.018,99,0,0,0,597283,0
1565157926687491000,2019-08-07 06:05:26.687491,79889147,EUREX,85.363,83,85.383,113,85.363,83,85.383,113,0,0,0,597283,0
1565157926687996000,2019-08-07 06:05:26.687996,79889147,EUREX,84.854,101,84.864,91,84.854,101,84.864,91,0,0,0,597283,0
1565157926688501000,2019-08-07 06:05:26.688501,79889147,EUREX,85.088,95,85.088,89,85.088,95,85.088,89,0,0,0,597283,0
1565157926688972000,2019-08-07 06:05:26.688972,79889147,EUREX,83.975,80,83.975,108,83.975,80,83.975,108,0,0,0,597283,0
1565157926689471000,2019-08-07 06:05:26.689471,79889147,EUREX,82.421,94,82.421,98,82.421,94,82.421,98,0,0,0,597283,0
1565157926689978000,2019-08-07 06:05:26.689978,79889147,EUREX,81.69,102,81.81,102,81.69,102,81.81,102,0,0,0,597283,0
1565157926690482000,2019-08-07 06:05:26.690482,79889147,EUREX,81.471,108,81.48100000000001,99,81.471,108,81.48100000000001,99,0,0,0,597283,0
1565157926691006000,2019-08-07 06:05:26.691006,79889147,EUREX,81.092,101,81.092,97,81.092,101,81.092,97,0,0,0,597283,0
1565157926691505000,2019-08-07 06:05:26.691505,79889147,EUREX,82.241,97,82.241,97,82.241,97,82.241,97,0,0,0,597283,0
1565157926692009000,2019-08-07 06:05:26.692009,79889147,EUREX,82.417,92,82.447,105,82.417,92,82.447,105,0,0,0,597283,0
1565157926692495000,2019-08-07 06:05:26.692495,79889147,EUREX,83.727,90,83.727,102,83.727,90,83.727,102,0,0,0,597283,0
1565157926693017000,2019-08-07 06:05:26.693017,79889147,EUREX,83.487,108,83.487,107,83.487,108,83.487,107,0,0,0,597283,0
1565157926693495000,2019-08-07 06:05:26.693495,79889147,EUREX,84.281,94,84.281,100,84.281,94,84.281,100,0,0,0,597283,0
1565157926693985000,2019-08-07 06:05:26.693985,79889147,EUREX,84.527,93,84.597,102,84.527,93,84.597,102,0,0,0,597283,0
1565157926694481000,2019-08-07 06:05:26.694481,79889147,EUREX,83.701,107,83.81099999999999,105,83.701,107,83.81099999999999,105,0,0,0,597283,0
1565157926695005000,2019-08-07 06:05:26.695005,79889147,EUREX,83.723,103,83.743,99,83.723,103,83.743,99,0,0,0,597283,0
1565157926695476000,2019-08-07 06:05:26.695476,79889147,EUREX,83.228,97,83.228,95,83.228,97,83.228,95,0,0,0,597283,0
1565157926695979000,2019-08-07 06:05:26.695979,79889147,EUREX,83.048,115,83.048,103,83.048,115,83.048,103,0,0,0,597283,0
1565157926696455000,2019-08-07 06:05:26.696455,79889147,EUREX,82.695,102,82.91499999999999,88,82.695,102,82.91499999999999,88,0,0,0,597283,0
1565157926696977000,2019-08-07 06:05:26.696977,79889147,EUREX,82.835,101,82.835,107,82.835,101,82.835,107,0,0,0,597283,0
1565157926697475000,2019-08-07 06:05:26.697475,79889147,EUREX,83.841,103,83.841,107,83.841,103,83.841,107,0,0,0,597283,0
1565157926698008000,2019-08-07 06:05:26.698008,79889147,EUREX,85.332,109,85.332,91,85.332,109,85.332,91,0,0,0,597283,0
1565157926698495000,2019-08-07 06:05:26.698495,79889147,EUREX,85.866,99,85.876,108,85.866,99,85.876,108,0,0,0,597283,0
1565157926698995000,2019-08-07 06:05:26.698995,79889147,EUREX,85.572,104,85.572,95,85.572,104,85.572,95,0,0,0,597283,0
1565157926699501000,2019-08-07 06:05:26.699501,79889147,EUREX,85.02,80,85.02,100,85.02,80,85.02,100,0,0,0,597283,0
1565157926699993000,2019-08-07 06:05:26.699993,79889147,EUREX,84.684,104,84.684,107,84.684,104,84.684,107,0,0,0,597283,0
1565157926700473000,2019-08-07 06:05:26.700473,79889147,EUREX,83.536,93,83.536,82,83.536,93,83.536,82,0,0,0,597283,0
1565157926700978000,2019-08-07 06:05:26.700978,79889147,EUREX,84.411,108,84.411,112,84.411,108,84.411,112,0,0,0,597283,0
1565157926701470000,2019-08-07 06:05:26.701470,79889147,EUREX,84.908,93,84.908,108,84.908,93,84.908,108,0,0,0,597283,0
1565157926701968000,2019-08-07 06:05:26.701968,79889147,EUREX,84.956,103,84.99600000000001,106,84.956,103,84.99600000000001,106,0,0,0,597283,0
1565157926702458000,2019-08-07 06:05:26.702458,79889147,EUREX,85.65,99,85.89,100,85.65,99,85.89,100,0,0,0,597283,0
1565157926702944000,2019-08-07 06:05:26.702944,79889147,EUREX,85.186,104,85.186,99,85.186,104,85.186,99,0,0,0,597283,0
1565157926703428000,2019-08-07 06:05:26.703428,79889147,EUREX,86.273,91,86.273,107,86.273,91,86.273,107,0,0,0,597283,0
1565157926703933000,2019-08-07 06:05:26.703933,79889147,EUREX,85.539,103,85.549,98,85.539,103,85.549,98,0,0,0,597283,0
1565157926704437000,2019-08-07 06:05:26.704437,79889147,EUREX,86.948,101,86.978,93,86.948,101,86.978,93,0,0,0,597283,0
1565157926704950000,2019-08-07 06:05:26.704950,79889147,EUREX,87.431,97,87.451,106,87.431,97,87.451,106,0,0,0,597283,0
1565157926705437000,2019-08-07 06:05:26.705437,79889147,EUREX,86.549,112,86.60900000000001,100,86.549,112,86.60900000000001,100,0,0,0,597283,0
1565157926705915000,2019-08-07 06:05:26.705915,79889147,EUREX,85.336,103,85.336,86,85.336,103,85.336,86,0,0,0,597283,0
1565157926706424000,2019-08-07 06:05:26.706424,79889147,EUREX,86.38,98,86.38,92,86.38,98,86.38,92,0,0,0,597283,0
1565157926706930000,2019-08-07 06:05:26.706930,79889147,EUREX,88.829,101,88.87899999999999,94,88.829,101,88.87899999999999,94,0,0,0,597283,0
1565157926707405000,2019-08-07 06:05:26.707405,79889147,EUREX,89.162,95,89.182,91,89.162,95,89.182,91,0,0,0,597283,0
1565157926707916000,2019-08-07 06:05:26.707916,79889147,EUREX,88.968,93,89.018,98,88.968,93,89.018,98,0,0,0,597283,0
1565157926708426000,2019-08-07 06:05:26.708426,79889147,EUREX,86.89,108,86.89,97,86.89,108,86.89,97,0,0,0,597283,0
1565157926708915000,2019-08-07 06:05:26.708915,79889147,EUREX,85.848,88,85.848,96,85.848,88,85.848,96,0,0,0,597283,0
1565157926709397000,2019-08-07 06:05:26.709397,79889147,EUREX,87.028,94,87.168,109,87.028,94,87.168,109,0,0,0,597283,0
1565157926709911000,2019-08-07 06:05:26.709911,79889147,EUREX,87.086,91,87.196,87,87.086,91,87.196,87,0,0,0,597283,0
1565157926710407000,2019-08-07 06:05:26.710407,79889147,EUREX,86.112,111,86.122,100,86.112,111,86.122,100,0,0,0,597283,0
1565157926710916000,2019-08-07 06:05:26.710916,79889147,EUREX,86.642,98,86.972,98,86.642,98,86.972,98,0,0,0,597283,0
1565157926711418000,2019-08-07 06:05:26.711418,79889147,EUREX,86.171,102,86.18100000000001,86,86.171,102,86.18100000000001,86,0,0,0,597283,0
1565157926711914000,2019-08-07 06:05:26.711914,79889147,EUREX,85.015,93,85.015,104,85.015,93,85.015,104,0,0,0,597283,0
1565157926712445000,2019-08-07 06:05:26.712445,79889147,EUREX,84.474,98,84.474,97,84.474,98,84.474,97,0,0,0,597283,0
1565157926712967000,2019-08-07 06:05:26.712967,79889147,EUREX,83.425,88,83.425,84,83.425,88,83.425,84,0,0,0,597283,0
1565157926713441000,2019-08-07 06:05:26.713441,79889147,EUREX,83.593,98,83.593,85,83.593,98,83.593,85,0,0,0,597283,0
1565157926713926000,2019-08-07 06:05:26.713926,79889147,EUREX,83.678,99,83.688,104,83.678,99,83.688,104,0,0,0,597283,0
1565157926714398000,2019-08-07 06:05:26.714398,79889147,EUREX,84.579,101,84.579,98,84.579,101,84.579,98,0,0,0,597283,0
1565157926714917000,2019-08-07 06:05:26.714917,79889147,EUREX,84.715,85,84.715,92,84.715,85,84.715,92,0,0,0,597283,0
1565157926715451000,2019-08-07 06:05:26.715451,79889147,EUREX,84.591,100,84.591,103,84.591,100,84.591,103,0,0,0,597283,0
1565157926715965000,2019-08-07 06:05:26.715965,79889147,EUREX,84.365,97,84.375,104,84.365,97,84.375,104,0,0,0,597283,0
1565157926716452000,2019-08-07 06:05:26.716452,79889147,EUREX,83.816,103,83.816,110,83.816,103,83.816,110,0,0,0,597283,0
1565157926716961000,2019-08-07 06:05:26.716961,79889147,EUREX,83.515,96,83.515,101,83.515,96,83.515,101,0,0,0,597283,0
1565157926717420000,2019-08-07 06:05:26.717420,79889147,EUREX,82.963,105,83.01299999999999,106,82.963,105,83.01299999999999,106,0,0,0,597283,0
1565157926717944000,2019-08-07 06:05:26.717944,79889147,EUREX,82.947,87,83.017,108,82.947,87,83.017,108,0,0,0,597283,0
1565157926718463000,2019-08-07 06:05:26.718463,79889147,EUREX,81.482,106,81.492,94,81.482,106,81.492,94,0,0,0,597283,0
1565157926718953000,2019-08-07 06:05:26.718953,79889147,EUREX,81.792,101,81.792,97,81.792,101,81.792,97,0,0,0,597283,0
1565157926719457000,2019-08-07 06:05:26.719457,79889147,EUREX,81.734,96,81.744,100,81.734,96,81.744,100,0,0,0,597283,0
1565157926719950000,2019-08-07 06:05:26.719950,79889147,EUREX,82.908,104,82.908,104,82.908,104,82.908,104,0,0,0,597283,0
1565157926720452000,2019-08-07 06:05:26.720452,79889147,EUREX,82.35,91,82.38,106,82.35,91,82.38,106,0,0,0,597283,0
1565157926720954000,2019-08-07 06:05:26.720954,79889147,EUREX,81.302,105,81.372,96,81.302,105,81.372,96,0,0,0,597283,0
1565157926721467000,2019-08-07 06:05:26.721467,79889147,EUREX,82.315,90,82.325,91,82.315,90,82.325,91,0,0,0,597283,0
1565157926721960000,2019-08-07 06:05:26.721960,79889147,EUREX,82.63,103,82.63,98,82.63,103,82.63,98,0,0,0,597283,0
1565157926722461000,2019-08-07 06:05:26.722461,79889147,EUREX,81.922,103,81.922,93,81.922,103,81.922,93,0,0,0,597283,0
1565157926722946000,2019-08-07 06:05:26.722946,79889147,EUREX,84.018,124,84.018,104,84.018,124,84.018,104,0,0,0,597283,0
1565157926723461000,2019-08-07 06:05:26.723461,79889147,EUREX,83.247,100,83.247,109,83.247,100,83.247,109,0,0,0,597283,0
1565157926723975000,2019-08-07 06:05:26.723975,79889147,EUREX,85.459,106,85.789,93,85.459,106,85.789,93,0,0,0,597283,0
1565157926724475000,2019-08-07 06:05:26.724475,79889147,EUREX,84.898,89,84.898,112,84.898,89,84.898,112,0,0,0,597283,0
1565157926724987000,2019-08-07 06:05:26.724987,79889147,EUREX,84.354,109,84.374,104,84.354,109,84.374,104,0,0,0,597283,0
1565157926725471000,2019-08-07 06:05:26.725471,79889147,EUREX,86.173,101,86.203,95,86.173,101,86.203,95,0,0,0,597283,0
1565157926725979000,2019-08-07 06:05:26.725979,79889147,EUREX,86.67,96,86.67,102,86.67,96,86.67,102,0,0,0,597283,0
1565157926726508000,2019-08-07 06:05:26.726508,79889147,EUREX,87.08,112,87.09,101,87.08,112,87.09,101,0,0,0,597283,0
1565157926727005000,2019-08-07 06:05:26.727005,79889147,EUREX,87.495,95,87.495,109,87.495,95,87.495,109,0,0,0,597283,0
1565157926727468000,2019-08-07 06:05:26.727468,79889147,EUREX,87.693,102,87.693,98,87.693,102,87.693,98,0,0,0,597283,0
1565157926727986000,2019-08-07 06:05:26.727986,79889147,EUREX,88.372,103,88.372,96,88.372,103,88.372,96,0,0,0,597283,0
1565157926728463000,2019-08-07 06:05:26.728463,79889147,EUREX,87.449,103,87.449,101,87.449,103,87.449,101,0,0,0,597283,0
1565157926728959000,2019-08-07 06:05:26.728959,79889147,EUREX,86.83,104,86.83,99,86.83,104,86.83,99,0,0,0,597283,0
1565157926729457000,2019-08-07 06:05:26.729457,79889147,EUREX,85.708,107,85.708,98,85.708,107,85.708,98,0,0,0,597283,0
1565157926729927000,2019-08-07 06:05:26.729927,79889147,EUREX,84.893,93,85.07300000000001,105,84.893,93,85.07300000000001,105,0,0,0,597283,0
1565157926730443000,2019-08-07 06:05:26.730443,79889147,EUREX,85.674,108,85.674,112,85.674,108,85.674,112,0,0,0,597283,0
1565157926730937000,2019-08-07 06:05:26.730937,79889147,EUREX,85.936,102,85.956,94,85.936,102,85.956,94,0,0,0,597283,0
1565157926731437000,2019-08-07 06:05:26.731437,79889147,EUREX,85.727,88,85.727,102,85.727,88,85.727,102,0,0,0,597283,0
1565157926731956000,2019-08-07 06:05:26.731956,79889147,EUREX,85.987,108,85.987,107,85.987,108,85.987,107,0,0,0,597283,0
1565157926732493000,2019-08-07 06:05:26.732493,79889147,EUREX,86.811,101,86.831,104,86.811,101,86.831,104,0,0,0,597283,0
1565157926733001000,2019-08-07 06:05:26.733001,79889147,EUREX,86.862,108,86.862,94,86.862,108,86.862,94,0,0,0,597283,0
1565157926733490000,2019-08-07 06:05:26.733490,79889147,EUREX,87.745,117,87.745,104,87.745,117,87.745,104,0,0,0,597283,0
1565157926734002000,2019-08-07 06:05:26.734002,79889147,EUREX,88.229,97,88.269,111,88.229,97,88.269,111,0,0,0,597283,0
1565157926734496000,2019-08-07 06:05:26.734496,79889147,EUREX,88.396,93,88.396,97,88.396,93,88.396,97,0,0,0,597283,0
1565157926734990000,2019-08-07 06:05:26.734990,79889147,EUREX,88.087,98,88.12700000000001,105,88.087,98,88.12700000000001,105,0,0,0,597283,0
1565157926735502000,2019-08-07 06:05:26.735502,79889147,EUREX,89.214,92,89.314,93,89.214,92,89.314,93,0,0,0,597283,0
1565157926736010000,2019-08-07 06:05:26.736010,79889147,EUREX,87.345,106,87.345,103,87.345,106,87.345,103,0,0,0,597283,0
1565157926736495000,2019-08-07 06:05:26.736495,79889147,EUREX,89.049,96,89.049,107,89.049,96,89.049,107,0,0,0,597283,0
1565157926737013000,2019-08-07 06:05:26.737013,79889147,EUREX,89.044,103,89.044,109,89.044,103,89.044,109,0,0,0,597283,0
1565157926737511000,2019-08-07 06:05:26.737511,79889147,EUREX,90.731,99,90.731,90,90.731,99,90.731,90,0,0,0,597283,0
1565157926738035000,2019-08-07 06:05:26.738035,79889147,EUREX,91.583,101,91.593,103,91.583,101,91.593,103,0,0,0,597283,0
1565157926738533000,2019-08-07 06:05:26.738533,79889147,EUREX,92.422,93,92.422,104,92.422,93,92.422,104,0,0,0,597283,0
1565157926739028000,2019-08-07 06:05:26.739028,79889147,EUREX,92.341,101,92.381,106,92.341,101,92.381,106,0,0,0,597283,0
1565157926739533000,2019-08-07 06:05:26.739533,79889147,EUREX,92.465,109,92.485,107,92.465,109,92.485,107,0,0,0,597283,0
1565157926740034000,2019-08-07 06:05:26.740034,79889147,EUREX,92.621,96,92.631,111,92.621,96,92.631,111,0,0,0,597283,0
1565157926740565000,2019-08-07 06:05:26.740565,79889147,EUREX,93.01,97,93.01,97,93.01,97,93.01,97,0,0,0,597283,0
1565157926741087000,2019-08-07 06:05:26.741087,79889147,EUREX,92.763,102,92.763,96,92.763,102,92.763,96,0,0,0,597283,0
1565157926741578000,2019-08-07 06:05:26.741578,79889147,EUREX,92.221,96,92.221,93,92.221,96,92.221,93,0,0,0,597283,0
1565157926742068000,2019-08-07 06:05:26.742068,79889147,EUREX,92.416,97,92.426,103,92.416,97,92.426,103,0,0,0,597283,0
1565157926742576000,2019-08-07 06:05:26.742576,79889147,EUREX,91.376,100,91.41600000000001,103,91.376,100,91.41600000000001,103,0,0,0,597283,0
1565157926743058000,2019-08-07 06:05:26.743058,79889147,EUREX,90.957,89,90.957,111,90.957,89,90.957,111,0,0,0,597283,0
1565157926743567000,2019-08-07 06:05:26.743567,79889147,EUREX,90.867,106,90.867,104,90.867,106,90.867,104,0,0,0,597283,0
1565157926744082000,2019-08-07 06:05:26.744082,79889147,EUREX,90.74,102,90.75999999999999,98,90.74,102,90.75999999999999,98,0,0,0,597283,0
1565157926744595000,2019-08-07 06:05:26.744595,79889147,EUREX,91.793,105,91.82300000000001,86,91.793,105,91.82300000000001,86,0,0,0,597283,0
1565157926745107000,2019-08-07 06:05:26.745107,79889147,EUREX,91.941,100,91.941,98,91.941,100,91.941,98,0,0,0,597283,0
1565157926745625000,2019-08-07 06:05:26.745625,79889147,EUREX,92.883,90,92.90299999999999,103,92.883,90,92.90299999999999,103,0,0,0,597283,0
1565157926746130000,2019-08-07 06:05:26.746130,79889147,EUREX,92.181,113,92.271,92,92.181,113,92.271,92,0,0,0,597283,0
1565157926746630000,2019-08-07 06:05:26.746630,79889147,EUREX,90.852,98,90.852,106,90.852,98,90.852,106,0,0,0,597283,0
1565157926747133000,2019-08-07 06:05:26.747133,79889147,EUREX,91.31,101,91.31,92,91.31,101,91.31,92,0,0,0,597283,0
1565157926747621000,2019-08-07 06:05:26.747621,79889147,EUREX,91.172,107,91.172,92,91.172,107,91.172,92,0,0,0,597283,0
1565157926748136000,2019-08-07 06:05:26.748136,79889147,EUREX,91.429,100,91.429,96,91.429,100,91.429,96,0,0,0,597283,0
1565157926748648000,2019-08-07 06:05:26.748648,79889147,EUREX,90.394,100,90.394,98,90.394,100,90.394,98,0,0,0,597283,0
1565157926749146000,2019-08-07 06:05:26.749146,79889147,EUREX,90.767,103,90.767,104,90.767,103,90.767,104,0,0,0,597283,0
1565157926749643000,2019-08-07 06:05:26.749643,79889147,EUREX,90.9,103,90.9,97,90.9,103,90.9,97,0,0,0,597283,0
1565157926750145000,2019-08-07 06:05:26.750145,79889147,EUREX,92.333,102,92.333,91,92.333,102,92.333,91,0,0,0,597283,0
1565157926750665000,2019-08-07 06:05:26.750665,79889147,EUREX,93.334,97,93.334,95,93.334,97,93.334,95,0,0,0,597283,0
1565157926751144000,2019-08-07 06:05:26.751144,79889147,EUREX,92.312,103,92.592,106,92.312,103,92.592,106,0,0,0,597283,0
1565157926751631000,2019-08-07 06:05:26.751631,79889147,EUREX,91.835,106,91.835,94,91.835,106,91.835,94,0,0,0,597283,0
1565157926752134000,2019-08-07 06:05:26.752134,79889147,EUREX,91.414,97,91.494,100,91.414,97,91.494,100,0,0,0,597283,0
1565157926752620000,2019-08-07 06:05:26.752620,79889147,EUREX,91.867,95,91.867,88,91.867,95,91.867,88,0,0,0,597283,0
1565157926753116000,2019-08-07 06:05:26.753116,79889147,EUREX,92.178,108,92.178,107,92.178,108,92.178,107,0,0,0,597283,0
1565157926753624000,2019-08-07 06:05:26.753624,79889147,EUREX,91.858,89,91.86800000000001,92,91.858,89,91.86800000000001,92,0,0,0,597283,0
1565157926754133000,2019-08-07 06:05:26.754133,79889147,EUREX,91.715,91,91.715,108,91.715,91,91.715,108,0,0,0,597283,0
1565157926754615000,2019-08-07 06:05:26.754615,79889147,EUREX,92.734,98,92.734,100,92.734,98,92.734,100,0,0,0,597283,0
1565157926755098000,2019-08-07 06:05:26.755098,79889147,EUREX,93.071,92,93.071,93,93.071,92,93.071,93,0,0,0,597283,0
1565157926755609000,2019-08-07 06:05:26.755609,79889147,EUREX,93.455,98,93.455,104,93.455,98,93.455,104,0,0,0,597283,0
1565157926756091000,2019-08-07 06:05:26.756091,79889147,EUREX,93.925,102,93.99499999999999,97,93.925,102,93.99499999999999,97,0,0,0,597283,0
1565157926756630000,2019-08-07 06:05:26.756630,79889147,EUREX,94.423,111,94.423,91,94.423,111,94.423,91,0,0,0,597283,0
1565157926757137000,2019-08-07 06:05:26.757137,79889147,EUREX,92.921,105,93.131,84,92.921,105,93.131,84,0,0,0,597283,0
1565157926757630000,2019-08-07 06:05:26.757630,79889147,EUREX,91.98,100,92.01,99,91.98,100,92.01,99,0,0,0,597283,0
1565157926758144000,2019-08-07 06:05:26.758144,79889147,EUREX,90.183,107,90.183,95,90.183,107,90.183,95,0,0,0,597283,0
1565157926758628000,2019-08-07 06:05:26.758628,79889147,EUREX,89.728,101,89.74799999999999,94,89.728,101,89.74799999999999,94,0,0,0,597283,0
1565157926759150000,2019-08-07 06:05:26.759150,79889147,EUREX,88.616,94,88.616,98,88.616,94,88.616,98,0,0,0,597283,0
1565157926759666000,2019-08-07 06:05:26.759666,79889147,EUREX,87.311,94,87.311,102,87.311,94,87.311,102,0,0,0,597283,0
1565157926760177000,2019-08-07 06:05:26.760177,79889147,EUREX,88.066,110,88.066,100,88.066,110,88.066,100,0,0,0,597283,0
1565157926760686000,2019-08-07 06:05:26.760686,79889147,EUREX,88.204,106,88.204,97,88.204,106,88.204,97,0,0,0,597283,0
1565157926761175000,2019-08-07 06:05:26.761175,79889147,EUREX,89.509,89,89.509,108,89.509,89,89.509,108,0,0,0,597283,0
1565157926761658000,2019-08-07 06:05:26.761658,79889147,EUREX,90.017,96,90.017,99,90.017,96,90.017,99,0,0,0,597283,0
1565157926762121000,2019-08-07 06:05:26.762121,79889147,EUREX,89.523,104,89.523,112,89.523,104,89.523,112,0,0,0,597283,0
1565157926762631000,2019-08-07 06:05:26.762631,79889147,EUREX,88.783,106,88.793,91,88.783,106,88.793,91,0,0,0,597283,0
1565157926763142000,2019-08-07 06:05:26.763142,79889147,EUREX,87.577,96,87.637,99,87.577,96,87.637,99,0,0,0,597283,0
1565157926763630000,2019-08-07 06:05:26.763630,79889147,EUREX,86.568,99,86.568,100,86.568,99,86.568,100,0,0,0,597283,0
1565157926764132000,2019-08-07 06:05:26.764132,79889147,EUREX,87.184,99,87.224,91,87.184,99,87.224,91,0,0,0,597283,0
1565157926764630000,2019-08-07 06:05:26.764630,79889147,EUREX,88.28,93,88.28,111,88.28,93,88.28,111,0,0,0,597283,0
1565157926765134000,2019-08-07 06:05:26.765134,79889147,EUREX,88.467,101,88.487,101,88.467,101,88.487,101,0,0,0,597283,0
1565157926765624000,2019-08-07 06:05:26.765624,79889147,EUREX,88.516,109,88.60600000000001,103,88.516,109,88.60600000000001,103,0,0,0,597283,0
1565157926766129000,2019-08-07 06:05:26.766129,79889147,EUREX,87.227,106,87.387,103,87.227,106,87.387,103,0,0,0,597283,0
1565157926766617000,2019-08-07 06:05:26.766617,79889147,EUREX,87.244,107,87.244,103,87.244,107,87.244,103,0,0,0,597283,0
1565157926767112000,2019-08-07 06:05:26.767112,79889147,EUREX,86.668,113,86.668,112,86.668,113,86.668,112,0,0,0,597283,0
1565157926767643000,2019-08-07 06:05:26.767643,79889147,EUREX,86.499,114,86.639,90,86.499,114,86.639,90,0,0,0,597283,0
1565157926768148000,2019-08-07 06:05:26.768148,79889147,EUREX,86.624,93,86.624,98,86.624,93,86.624,98,0,0,0,597283,0
1565157926768613000,2019-08-07 06:05:26.768613,79889147,EUREX,87.65,97,87.65,102,87.65,97,87.65,102,0,0,0,597283,0
1565157926769132000,2019-08-07 06:05:26.769132,79889147,EUREX,88.268,100,88.268,98,88.268,100,88.268,98,0,0,0,597283,0
1565157926769640000,2019-08-07 06:05:26.769640,79889147,EUREX,89.591,99,89.591,106,89.591,99,89.591,106,0,0,0,597283,0
1565157926770107000,2019-08-07 06:05:26.770107,79889147,EUREX,91.451,103,91.511,107,91.451,103,91.511,107,0,0,0,597283,0
1565157926770604000,2019-08-07 06:05:26.770604,79889147,EUREX,90.994,89,91.004,96,90.994,89,91.004,96,0,0,0,597283,0
1565157926771073000,2019-08-07 06:05:26.771073,79889147,EUREX,90.819,91,90.819,98,90.819,91,90.819,98,0,0,0,597283,0
1565157926771542000,2019-08-07 06:05:26.771542,79889147,EUREX,91.998,107,92.03800000000001,98,91.998,107,92.03800000000001,98,0,0,0,597283,0
1565157926772060000,2019-08-07 06:05:26.772060,79889147,EUREX,90.98,90,91.02000000000001,103,90.98,90,91.02000000000001,103,0,0,0,597283,0
1565157926772538000,2019-08-07 06:05:26.772538,79889147,EUREX,92.099,102,92.099,92,92.099,102,92.099,92,0,0,0,597283,0
1565157926773046000,2019-08-07 06:05:26.773046,79889147,EUREX,91.49,98,91.50999999999999,82,91.49,98,91.50999999999999,82,0,0,0,597283,0
1565157926773570000,2019-08-07 06:05:26.773570,79889147,EUREX,92.918,95,92.918,83,92.918,95,92.918,83,0,0,0,597283,0
1565157926774070000,2019-08-07 06:05:26.774070,79889147,EUREX,92.78,92,92.82000000000001,103,92.78,92,92.82000000000001,103,0,0,0,597283,0
1565157926774568000,2019-08-07 06:05:26.774568,79889147,EUREX,91.913,89,91.913,102,91.913,89,91.913,102,0,0,0,597283,0
1565157926775057000,2019-08-07 06:05:26.775057,79889147,EUREX,92.249,108,92.279,100,92.249,108,92.279,100,0,0,0,597283,0
1565157926775554000,2019-08-07 06:05:26.775554,79889147,EUREX,93.383,98,93.62299999999999,89,93.383,98,93.62299999999999,89,0,0,0,597283,0
1565157926776064000,2019-08-07 06:05:26.776064,79889147,EUREX,92.604,104,92.624,109,92.604,104,92.624,109,0,0,0,597283,0
1565157926776572000,2019-08-07 06:05:26.776572,79889147,EUREX,92.752,103,92.752,86,92.752,103,92.752,86,0,0,0,597283,0
1565157926777068000,2019-08-07 06:05:26.777068,79889147,EUREX,93.012,94,93.082,106,93.012,94,93.082,106,0,0,0,597283,0
1565157926777584000,2019-08-07 06:05:26.777584,79889147,EUREX,91.973,99,91.983,104,91.973,99,91.983,104,0,0,0,597283,0
1565157926778069000,2019-08-07 06:05:26.778069,79889147,EUREX,90.772,102,90.792,96,90.772,102,90.792,96,0,0,0,597283,0
1565157926778540000,2019-08-07 06:05:26.778540,79889147,EUREX,90.443,95,90.443,104,90.443,95,90.443,104,0,0,0,597283,0
1565157926779066000,2019-08-07 06:05:26.779066,79889147,EUREX,89.995,105,89.995,110,89.995,105,89.995,110,0,0,0,597283,0
1565157926779563000,2019-08-07 06:05:26.779563,79889147,EUREX,89.589,102,89.79899999999999,102,89.589,102,89.79899999999999,102,0,0,0,597283,0
1565157926780053000,2019-08-07 06:05:26.780053,79889147,EUREX,88.126,104,88.126,100,88.126,104,88.126,100,0,0,0,597283,0
1565157926780559000,2019-08-07 06:05:26.780559,79889147,EUREX,86.636,103,86.65599999999999,96,86.636,103,86.65599999999999,96,0,0,0,597283,0
1565157926781055000,2019-08-07 06:05:26.781055,79889147,EUREX,87.211,108,87.211,103,87.211,108,87.211,103,0,0,0,597283,0
1565157926781543000,2019-08-07 06:05:26.781543,79889147,EUREX,86.923,97,86.943,92,86.923,97,86.943,92,0,0,0,597283,0
1565157926782041000,2019-08-07 06:05:26.782041,79889147,EUREX,88.11,104,88.19,109,88.11,104,88.19,109,0,0,0,597283,0
1565157926782529000,2019-08-07 06:05:26.782529,79889147,EUREX,89.371,95,89.42099999999999,109,89.371,95,89.42099999999999,109,0,0,0,597283,0
1565157926783023000,2019-08-07 06:05:26.783023,79889147,EUREX,89.289,105,89.289,95,89.289,105,89.289,95,0,0,0,597283,0
1565157926783489000,2019-08-07 06:05:26.783489,79889147,EUREX,89.121,108,89.121,100,89.121,108,89.121,100,0,0,0,597283,0
1565157926784003000,2019-08-07 06:05:26.784003,79889147,EUREX,88.796,90,88.816,117,88.796,90,88.816,117,0,0,0,597283,0
1565157926784531000,2019-08-07 06:05:26.784531,79889147,EUREX,88.302,93,88.302,115,88.302,93,88.302,115,0,0,0,597283,0
1565157926785029000,2019-08-07 06:05:26.785029,79889147,EUREX,86.7,83,86.7,100,86.7,83,86.7,100,0,0,0,597283,0
1565157926785543000,2019-08-07 06:05:26.785543,79889147,EUREX,88.695,91,88.695,106,88.695,91,88.695,106,0,0,0,597283,0
1565157926786055000,2019-08-07 06:05:26.786055,79889147,EUREX,88.688,93,88.688,87,88.688,93,88.688,87,0,0,0,597283,0
1565157926786559000,2019-08-07 06:05:26.786559,79889147,EUREX,88.127,94,88.137,111,88.127,94,88.137,111,0,0,0,597283,0
1565157926787055000,2019-08-07 06:05:26.787055,79889147,EUREX,88.097,94,88.097,94,88.097,94,88.097,94,0,0,0,597283,0
1565157926787556000,2019-08-07 06:05:26.787556,79889147,EUREX,87.801,101,87.871,108,87.801,101,87.871,108,0,0,0,597283,0
1565157926788060000,2019-08-07 06:05:26.788060,79889147,EUREX,87.794,106,87.814,100,87.794,106,87.814,100,0,0,0,597283,0
1565157926788542000,2019-08-07 06:05:26.788542,79889147,EUREX,89.252,114,89.252,102,89.252,114,89.252,102,0,0,0,597283,0
1565157926789020000,2019-08-07 06:05:26.789020,79889147,EUREX,89.718,109,89.718,99,89.718,109,89.718,99,0,0,0,597283,0
1565157926789523000,2019-08-07 06:05:26.789523,79889147,EUREX,89.343,99,89.343,102,89.343,99,89.343,102,0,0,0,597283,0
1565157926790071000,2019-08-07 06:05:26.790071,79889147,EUREX,90.88,111,90.88,107,90.88,111,90.88,107,0,0,0,597283,0
1565157926790541000,2019-08-07 06:05:26.790541,79889147,EUREX,90.814,100,90.814,103,90.814,100,90.814,103,0,0,0,597283,0
1565157926791037000,2019-08-07 06:05:26.791037,79889147,EUREX,91.274,97,91.274,103,91.274,97,91.274,103,0,0,0,597283,0
1565157926791503000,2019-08-07 06:05:26.791503,79889147,EUREX,91.651,109,91.651,95,91.651,109,91.651,95,0,0,0,597283,0
1565157926791983000,2019-08-07 06:05:26.791983,79889147,EUREX,92.35,114,92.53,90,92.35,114,92.53,90,0,0,0,597283,0
1565157926792471000,2019-08-07 06:05:26.792471,79889147,EUREX,93.455,103,93.455,105,93.455,103,93.455,105,0,0,0,597283,0
1565157926792978000,2019-08-07 06:05:26.792978,79889147,EUREX,93.999,99,93.999,101,93.999,99,93.999,101,0,0,0,597283,0
1565157926793489000,2019-08-07 06:05:26.793489,79889147,EUREX,94.239,105,94.239,97,94.239,105,94.239,97,0,0,0,597283,0
1565157926793998000,2019-08-07 06:05:26.793998,79889147,EUREX,93.327,93,93.327,99,93.327,93,93.327,99,0,0,0,597283,0
1565157926794482000,2019-08-07 06:05:26.794482,79889147,EUREX,93.692,90,93.692,116,93.692,90,93.692,116,0,0,0,597283,0
1565157926794955000,2019-08-07 06:05:26.794955,79889147,EUREX,92.515,101,92.565,104,92.515,101,92.565,104,0,0,0,597283,0
1565157926795462000,2019-08-07 06:05:26.795462,79889147,EUREX,91.79,93,91.79,108,91.79,93,91.79,108,0,0,0,597283,0
1565157926795981000,2019-08-07 06:05:26.795981,79889147,EUREX,91.118,97,91.118,92,91.118,97,91.118,92,0,0,0,597283,0
1565157926796483000,2019-08-07 06:05:26.796483,79889147,EUREX,90.921,101,90.921,106,90.921,101,90.921,106,0,0,0,597283,0
1565157926797005000,2019-08-07 06:05:26.797005,79889147,EUREX,90.388,102,90.39800000000001,99,90.388,102,90.39800000000001,99,0,0,0,597283,0
1565157926797499000,2019-08-07 06:05:26.797499,79889147,EUREX,92.651,97,92.651,107,92.651,97,92.651,107,0,0,0,597283,0
1565157926797990000,2019-08-07 06:05:26.797990,79889147,EUREX,94.153,109,94.173,89,94.153,109,94.173,89,0,0,0,597283,0
1565157926798486000,2019-08-07 06:05:26.798486,79889147,EUREX,92.403,97,92.403,91,92.403,97,92.403,91,0,0,0,597283,0
1565157926798995000,2019-08-07 06:05:26.798995,79889147,EUREX,92.091,113,92.101,90,92.091,113,92.101,90,0,0,0,597283,0
1565157926799485000,2019-08-07 06:05:26.799485,79889147,EUREX,92.211,113,92.211,96,92.211,113,92.211,96,0,0,0,597283,0
1565157926800007000,2019-08-07 06:05:26.800007,79889147,EUREX,92.364,99,92.364,101,92.364,99,92.364,101,0,0,0,597283,0
1565157926800502000,2019-08-07 06:05:26.800502,79889147,EUREX,91.774,86,91.774,102,91.774,86,91.774,102,0,0,0,597283,0
1565157926800977000,2019-08-07 06:05:26.800977,79889147,EUREX,92.149,95,92.149,91,92.149,95,92.149,91,0,0,0,597283,0
1565157926801491000,2019-08-07 06:05:26.801491,79889147,EUREX,93.362,107,93.362,106,93.362,107,93.362,106,0,0,0,597283,0
1565157926802004000,2019-08-07 06:05:26.802004,79889147,EUREX,92.517,103,92.527,105,92.517,103,92.527,105,0,0,0,597283,0
1565157926802505000,2019-08-07 06:05:26.802505,79889147,EUREX,91.28,99,91.31,91,91.28,99,91.31,91,0,0,0,597283,0
1565157926803003000,2019-08-07 06:05:26.803003,79889147,EUREX,91.524,95,91.524,113,91.524,95,91.524,113,0,0,0,597283,0
1565157926803523000,2019-08-07 06:05:26.803523,79889147,EUREX,91.657,101,91.657,87,91.657,101,91.657,87,0,0,0,597283,0
1565157926804015000,2019-08-07 06:05:26.804015,79889147,EUREX,91.094,97,91.094,103,91.094,97,91.094,103,0,0,0,597283,0
1565157926804491000,2019-08-07 06:05:26.804491,79889147,EUREX,89.972,92,90.152,96,89.972,92,90.152,96,0,0,0,597283,0
1565157926804995000,2019-08-07 06:05:26.804995,79889147,EUREX,90.432,99,90.47200000000001,109,90.432,99,90.47200000000001,109,0,0,0,597283,0
1565157926805508000,2019-08-07 06:05:26.805508,79889147,EUREX,89.633,105,89.633,101,89.633,105,89.633,101,0,0,0,597283,0
1565157926806008000,2019-08-07 06:05:26.806008,79889147,EUREX,90.843,100,90.843,98,90.843,100,90.843,98,0,0,0,597283,0
1565157926806513000,2019-08-07 06:05:26.806513,79889147,EUREX,92.488,98,92.488,108,92.488,98,92.488,108,0,0,0,597283,0
1565157926807030000,2019-08-07 06:05:26.807030,79889147,EUREX,93.018,123,93.018,110,93.018,123,93.018,110,0,0,0,597283,0
1565157926807547000,2019-08-07 06:05:26.807547,79889147,EUREX,92.152,109,92.152,103,92.152,109,92.152,103,0,0,0,597283,0
1565157926808025000,2019-08-07 06:05:26.808025,79889147,EUREX,92.993,107,93.003,100,92.993,107,93.003,100,0,0,0,597283,0
1565157926808537000,2019-08-07 06:05:26.808537,79889147,EUREX,93.636,101,93.696,99,93.636,101,93.696,99,0,0,0,597283,0
1565157926809057000,2019-08-07 06:05:26.809057,79889147,EUREX,93.211,103,93.211,99,93.211,103,93.211,99,0,0,0,597283,0
1565157926809548000,2019-08-07 06:05:26.809548,79889147,EUREX,93.606,106,93.606,99,93.606,106,93.606,99,0,0,0,597283,0
1565157926810040000,2019-08-07 06:05:26.810040,79889147,EUREX,93.877,106,93.877,97,93.877,106,93.877,97,0,0,0,597283,0
1565157926810524000,2019-08-07 06:05:26.810524,79889147,EUREX,94.3,93,94.3,98,94.3,93,94.3,98,0,0,0,597283,0
1565157926811023000,2019-08-07 06:05:26.811023,79889147,EUREX,92.466,104,92.51599999999999,107,92.466,104,92.51599999999999,107,0,0,0,597283,0
1565157926811514000,2019-08-07 06:05:26.811514,79889147,EUREX,91.34,112,91.34,88,91.34,112,91.34,88,0,0,0,597283,0
1565157926812032000,2019-08-07 06:05:26.812032,79889147,EUREX,90.061,101,90.061,94,90.061,101,90.061,94,0,0,0,597283,0
1565157926812550000,2019-08-07 06:05:26.812550,79889147,EUREX,89.467,105,89.487,105,89.467,105,89.487,105,0,0,0,597283,0
1565157926813075000,2019-08-07 06:05:26.813075,79889147,EUREX,90.655,106,90.655,87,90.655,106,90.655,87,0,0,0,597283,0
1565157926813576000,2019-08-07 06:05:26.813576,79889147,EUREX,90.418,104,90.418,94,90.418,104,90.418,94,0,0,0,597283,0
1565157926814067000,2019-08-07 06:05:26.814067,79889147,EUREX,89.981,109,89.991,98,89.981,109,89.991,98,0,0,0,597283,0
1565157926814586000,2019-08-07 06:05:26.814586,79889147,EUREX,91.561,113,91.671,102,91.561,113,91.671,102,0,0,0,597283,0
1565157926815067000,2019-08-07 06:05:26.815067,79889147,EUREX,93.441,92,93.441,105,93.441,92,93.441,105,0,0,0,597283,0
1565157926815552000,2019-08-07 06:05:26.815552,79889147,EUREX,94.41,117,94.41,114,94.41,117,94.41,114,0,0,0,597283,0
1565157926816035000,2019-08-07 06:05:26.816035,79889147,EUREX,94.495,106,94.745,97,94.495,106,94.745,97,0,0,0,597283,0
1565157926816516000,2019-08-07 06:05:26.816516,79889147,EUREX,93.844,87,93.844,91,93.844,87,93.844,91,0,0,0,597283,0
1565157926817020000,2019-08-07 06:05:26.817020,79889147,EUREX,93.527,102,93.537,91,93.527,102,93.537,91,0,0,0,597283,0
1565157926817489000,2019-08-07 06:05:26.817489,79889147,EUREX,95.206,114,95.206,88,95.206,114,95.206,88,0,0,0,597283,0
1565157926817996000,2019-08-07 06:05:26.817996,79889147,EUREX,93.899,89,93.899,101,93.899,89,93.899,101,0,0,0,597283,0
1565157926818494000,2019-08-07 06:05:26.818494,79889147,EUREX,93.29,105,93.32000000000001,103,93.29,105,93.32000000000001,103,0,0,0,597283,0
1565157926819022000,2019-08-07 06:05:26.819022,79889147,EUREX,93.208,100,93.208,93,93.208,100,93.208,93,0,0,0,597283,0
1565157926819528000,2019-08-07 06:05:26.819528,79889147,EUREX,92.683,101,92.71300000000001,114,92.683,101,92.71300000000001,114,0,0,0,597283,0
1565157926820032000,2019-08-07 06:05:26.820032,79889147,EUREX,92.94,101,93.0,100,92.94,101,93.0,100,0,0,0,597283,0
1565157926820510000,2019-08-07 06:05:26.820510,79889147,EUREX,93.553,112,93.553,100,93.553,112,93.553,100,0,0,0,597283,0
1565157926821013000,2019-08-07 06:05:26.821013,79889147,EUREX,94.422,98,94.422,104,94.422,98,94.422,104,0,0,0,597283,0
1565157926821494000,2019-08-07 06:05:26.821494,79889147,EUREX,96.148,101,96.148,103,96.148,101,96.148,103,0,0,0,597283,0
1565157926821983000,2019-08-07 06:05:26.821983,79889147,EUREX,96.508,89,96.518,102,96.508,89,96.518,102,0,0,0,597283,0
1565157926822491000,2019-08-07 06:05:26.822491,79889147,EUREX,95.42,105,95.46000000000001,82,95.42,105,95.46000000000001,82,0,0,0,597283,0
1565157926823023000,2019-08-07 06:05:26.823023,79889147,EUREX,96.809,102,96.809,94,96.809,102,96.809,94,0,0,0,597283,0
1565157926823523000,2019-08-07 06:05:26.823523,79889147,EUREX,96.366,97,96.376,99,96.366,97,96.376,99,0,0,0,597283,0
1565157926824017000,2019-08-07 06:05:26.824017,79889147,EUREX,96.395,102,96.395,96,96.395,102,96.395,96,0,0,0,597283,0
1565157926824505000,2019-08-07 06:05:26.824505,79889147,EUREX,97.784,102,97.784,87,97.784,102,97.784,87,0,0,0,597283,0
1565157926825003000,2019-08-07 06:05:26.825003,79889147,EUREX,98.008,94,98.008,101,98.008,94,98.008,101,0,0,0,597283,0
1565157926825519000,2019-08-07 06:05:26.825519,79889147,EUREX,97.405,97,97.405,110,97.405,97,97.405,110,0,0,0,597283,0
1565157926826032000,2019-08-07 06:05:26.826032,79889147,EUREX,98.582,93,98.582,102,98.582,93,98.582,102,0,0,0,597283,0
1565157926826534000,2019-08-07 06:05:26.826534,79889147,EUREX,98.806,101,98.806,108,98.806,101,98.806,108,0,0,0,597283,0
1565157926827024000,2019-08-07 06:05:26.827024,79889147,EUREX,99.209,88,99.209,94,99.209,88,99.209,94,0,0,0,597283,0
1565157926827520000,2019-08-07 06:05:26.827520,79889147,EUREX,99.017,108,99.027,95,99.017,108,99.027,95,0,0,0,597283,0
1565157926828030000,2019-08-07 06:05:26.828030,79889147,EUREX,97.8,87,97.91,95,97.8,87,97.91,95,0,0,0,597283,0
1565157926828550000,2019-08-07 06:05:26.828550,79889147,EUREX,98.046,110,98.146,100,98.046,110,98.146,100,0,0,0,597283,0
1565157926829043000,2019-08-07 06:05:26.829043,79889147,EUREX,96.907,87,96.907,115,96.907,87,96.907,115,0,0,0,597283,0
1565157926829571000,2019-08-07 06:05:26.829571,79889147,EUREX,96.497,107,96.497,108,96.497,107,96.497,108,0,0,0,597283,0
1565157926830070000,2019-08-07 06:05:26.830070,79889147,EUREX,97.262,100,97.262,107,97.262,100,97.262,107,0,0,0,597283,0
1565157926830572000,2019-08-07 06:05:26.830572,79889147,EUREX,96.975,100,96.975,97,96.975,100,96.975,97,0,0,0,597283,0
1565157926831086000,2019-08-07 06:05:26.831086,79889147,EUREX,97.459,95,97.459,109,97.459,95,97.459,109,0,0,0,597283,0
1565157926831616000,2019-08-07 06:05:26.831616,79889147,EUREX,96.899,97,96.919,102,96.899,97,96.919,102,0,0,0,597283,0
1565157926832104000,2019-08-07 06:05:26.832104,79889147,EUREX,96.121,94,96.291,101,96.121,94,96.291,101,0,0,0,597283,0
1565157926832598000,2019-08-07 06:05:26.832598,79889147,EUREX,94.882,87,94.882,94,94.882,87,94.882,94,0,0,0,597283,0
1565157926833079000,2019-08-07 06:05:26.833079,79889147,EUREX,94.555,106,94.555,95,94.555,106,94.555,95,0,0,0,597283,0
1565157926833604000,2019-08-07 06:05:26.833604,79889147,EUREX,95.483,105,95.483,105,95.483,105,95.483,105,0,0,0,597283,0
1565157926834097000,2019-08-07 06:05:26.834097,79889147,EUREX,97.174,101,97.244,108,97.174,101,97.244,108,0,0,0,597283,0
1565157926834608000,2019-08-07 06:05:26.834608,79889147,EUREX,98.191,99,98.251,92,98.191,99,98.251,92,0,0,0,597283,0
1565157926835105000,2019-08-07 06:05:26.835105,79889147,EUREX,97.057,108,97.247,92,97.057,108,97.247,92,0,0,0,597283,0
1565157926835608000,2019-08-07 06:05:26.835608,79889147,EUREX,97.824,89,97.824,96,97.824,89,97.824,96,0,0,0,597283,0
1565157926836117000,2019-08-07 06:05:26.836117,79889147,EUREX,97.24,103,97.24,99,97.24,103,97.24,99,0,0,0,597283,0
1565157926836617000,2019-08-07 06:05:26.836617,79889147,EUREX,94.391,110,94.43100000000001,98,94.391,110,94.43100000000001,98,0,0,0,597283,0
1565157926837143000,2019-08-07 06:05:26.837143,79889147,EUREX,92.342,96,92.352,94,92.342,96,92.352,94,0,0,0,597283,0
1565157926837637000,2019-08-07 06:05:26.837637,79889147,EUREX,94.285,102,94.285,100,94.285,102,94.285,100,0,0,0,597283,0
1565157926838151000,2019-08-07 06:05:26.838151,79889147,EUREX,94.481,105,94.481,105,94.481,105,94.481,105,0,0,0,597283,0
1565157926838646000,2019-08-07 06:05:26.838646,79889147,EUREX,94.398,103,94.408,107,94.398,103,94.408,107,0,0,0,597283,0
1565157926839148000,2019-08-07 06:05:26.839148,79889147,EUREX,94.428,101,94.518,107,94.428,101,94.518,107,0,0,0,597283,0
1565157926839640000,2019-08-07 06:05:26.839640,79889147,EUREX,95.262,90,95.342,103,95.262,90,95.342,103,0,0,0,597283,0
1565157926840114000,2019-08-07 06:05:26.840114,79889147,EUREX,93.945,105,93.945,105,93.945,105,93.945,105,0,0,0,597283,0
1565157926840581000,2019-08-07 06:05:26.840581,79889147,EUREX,93.119,99,93.119,99,93.119,99,93.119,99,0,0,0,597283,0
1565157926841098000,2019-08-07 06:05:26.841098,79889147,EUREX,92.989,100,92.989,95,92.989,100,92.989,95,0,0,0,597283,0
1565157926841579000,2019-08-07 06:05:26.841579,79889147,EUREX,92.927,100,92.947,106,92.927,100,92.947,106,0,0,0,597283,0
1565157926842075000,2019-08-07 06:05:26.842075,79889147,EUREX,94.534,104,94.534,90,94.534,104,94.534,90,0,0,0,597283,0
1565157926842576000,2019-08-07 06:05:26.842576,79889147,EUREX,94.496,94,94.496,95,94.496,94,94.496,95,0,0,0,597283,0
1565157926843093000,2019-08-07 06:05:26.843093,79889147,EUREX,95.089,102,95.15899999999999,103,95.089,102,95.15899999999999,103,0,0,0,597283,0
1565157926843608000,2019-08-07 06:05:26.843608,79889147,EUREX,92.667,107,92.667,95,92.667,107,92.667,95,0,0,0,597283,0
1565157926844096000,2019-08-07 06:05:26.844096,79889147,EUREX,93.163,105,93.213,108,93.163,105,93.213,108,0,0,0,597283,0
1565157926844609000,2019-08-07 06:05:26.844609,79889147,EUREX,94.351,106,94.381,103,94.351,106,94.381,103,0,0,0,597283,0
1565157926845115000,2019-08-07 06:05:26.845115,79889147,EUREX,95.1,101,95.1,93,95.1,101,95.1,93,0,0,0,597283,0
1565157926845593000,2019-08-07 06:05:26.845593,79889147,EUREX,93.925,83,93.925,103,93.925,83,93.925,103,0,0,0,597283,0
1565157926846098000,2019-08-07 06:05:26.846098,79889147,EUREX,92.782,97,92.782,105,92.782,97,92.782,105,0,0,0,597283,0
1565157926846618000,2019-08-07 06:05:26.846618,79889147,EUREX,93.716,95,93.716,104,93.716,95,93.716,104,0,0,0,597283,0
1565157926847117000,2019-08-07 06:05:26.847117,79889147,EUREX,92.892,109,92.91199999999999,105,92.892,109,92.91199999999999,105,0,0,0,597283,0
1565157926847598000,2019-08-07 06:05:26.847598,79889147,EUREX,93.465,102,93.465,107,93.465,102,93.465,107,0,0,0,597283,0
1565157926848070000,2019-08-07 06:05:26.848070,79889147,EUREX,93.57,100,93.58,113,93.57,100,93.58,113,0,0,0,597283,0
1565157926848549000,2019-08-07 06:05:26.848549,79889147,EUREX,92.964,80,93.094,97,92.964,80,93.094,97,0,0,0,597283,0
1565157926849053000,2019-08-07 06:05:26.849053,79889147,EUREX,92.117,105,92.117,100,92.117,105,92.117,100,0,0,0,597283,0
1565157926849564000,2019-08-07 06:05:26.849564,79889147,EUREX,91.538,93,91.548,103,91.538,93,91.548,103,0,0,0,597283,0
1565157926850075000,2019-08-07 06:05:26.850075,79889147,EUREX,91.147,98,91.147,101,91.147,98,91.147,101,0,0,0,597283,0
1565157926850609000,2019-08-07 06:05:26.850609,79889147,EUREX,89.266,100,89.266,107,89.266,100,89.266,107,0,0,0,597283,0
1565157926851101000,2019-08-07 06:05:26.851101,79889147,EUREX,89.72,104,89.99,99,89.72,104,89.99,99,0,0,0,597283,0
1565157926851589000,2019-08-07 06:05:26.851589,79889147,EUREX,88.518,94,88.518,100,88.518,94,88.518,100,0,0,0,597283,0
1565157926852090000,2019-08-07 06:05:26.852090,79889147,EUREX,89.072,96,89.072,93,89.072,96,89.072,93,0,0,0,597283,0
1565157926852602000,2019-08-07 06:05:26.852602,79889147,EUREX,89.797,94,89.837,102,89.797,94,89.837,102,0,0,0,597283,0
1565157926853082000,2019-08-07 06:05:26.853082,79889147,EUREX,88.529,106,88.529,87,88.529,106,88.529,87,0,0,0,597283,0
1565157926853583000,2019-08-07 06:05:26.853583,79889147,EUREX,89.901,100,89.92099999999999,102,89.901,100,89.92099999999999,102,0,0,0,597283,0
1565157926854064000,2019-08-07 06:05:26.854064,79889147,EUREX,88.913,104,88.913,91,88.913,104,88.913,91,0,0,0,597283,0
1565157926854589000,2019-08-07 06:05:26.854589,79889147,EUREX,89.363,107,89.363,112,89.363,107,89.363,112,0,0,0,597283,0
1565157926855094000,2019-08-07 06:05:26.855094,79889147,EUREX,89.045,94,89.045,120,89.045,94,89.045,120,0,0,0,597283,0
1565157926855579000,2019-08-07 06:05:26.855579,79889147,EUREX,89.441,93,89.45100000000001,104,89.441,93,89.45100000000001,104,0,0,0,597283,0
1565157926856101000,2019-08-07 06:05:26.856101,79889147,EUREX,89.317,96,89.317,98,89.317,96,89.317,98,0,0,0,597283,0
1565157926856607000,2019-08-07 06:05:26.856607,79889147,EUREX,89.659,99,89.659,102,89.659,99,89.659,102,0,0,0,597283,0
1565157926857113000,2019-08-07 06:05:26.857113,79889147,EUREX,90.617,104,90.667,111,90.617,104,90.667,111,0,0,0,597283,0
1565157926857607000,2019-08-07 06:05:26.857607,79889147,EUREX,91.864,109,91.884,92,91.864,109,91.884,92,0,0,0,597283,0
1565157926858116000,2019-08-07 06:05:26.858116,79889147,EUREX,92.011,89,92.021,97,92.011,89,92.021,97,0,0,0,597283,0
1565157926858621000,2019-08-07 06:05:26.858621,79889147,EUREX,93.579,97,93.579,108,93.579,97,93.579,108,0,0,0,597283,0
1565157926859143000,2019-08-07 06:05:26.859143,79889147,EUREX,94.528,103,94.528,97,94.528,103,94.528,97,0,0,0,597283,0
1565157926859633000,2019-08-07 06:05:26.859633,79889147,EUREX,96.08,95,96.09,91,96.08,95,96.09,91,0,0,0,597283,0
1565157926860151000,2019-08-07 06:05:26.860151,79889147,EUREX,96.639,91,96.639,96,96.639,91,96.639,96,0,0,0,597283,0
1565157926860637000,2019-08-07 06:05:26.860637,79889147,EUREX,96.831,100,96.831,110,96.831,100,96.831,110,0,0,0,597283,0
1565157926861129000,2019-08-07 06:05:26.861129,79889147,EUREX,96.409,103,96.41900000000001,99,96.409,103,96.41900000000001,99,0,0,0,597283,0
1565157926861639000,2019-08-07 06:05:26.861639,79889147,EUREX,96.142,86,96.152,89,96.142,86,96.152,89,0,0,0,597283,0
1565157926862132000,2019-08-07 06:05:26.862132,79889147,EUREX,97.4,96,97.4,84,97.4,96,97.4,84,0,0,0,597283,0
1565157926862606000,2019-08-07 06:05:26.862606,79889147,EUREX,96.716,93,97.166,89,96.716,93,97.166,89,0,0,0,597283,0
1565157926863118000,2019-08-07 06:05:26.863118,79889147,EUREX,96.344,106,96.36399999999999,105,96.344,106,96.36399999999999,105,0,0,0,597283,0
1565157926863591000,2019-08-07 06:05:26.863591,79889147,EUREX,97.161,101,97.191,100,97.161,101,97.191,100,0,0,0,597283,0
1565157926864075000,2019-08-07 06:05:26.864075,79889147,EUREX,96.269,96,96.269,96,96.269,96,96.269,96,0,0,0,597283,0
1565157926864558000,2019-08-07 06:05:26.864558,79889147,EUREX,95.873,99,95.893,89,95.873,99,95.893,89,0,0,0,597283,0
1565157926865076000,2019-08-07 06:05:26.865076,79889147,EUREX,96.535,104,96.535,84,96.535,104,96.535,84,0,0,0,597283,0
1565157926865573000,2019-08-07 06:05:26.865573,79889147,EUREX,97.835,101,97.835,92,97.835,101,97.835,92,0,0,0,597283,0
1565157926866057000,2019-08-07 06:05:26.866057,79889147,EUREX,97.798,105,97.798,111,97.798,105,97.798,111,0,0,0,597283,0
1565157926866561000,2019-08-07 06:05:26.866561,79889147,EUREX,98.389,97,98.559,99,98.389,97,98.559,99,0,0,0,597283,0
1565157926867076000,2019-08-07 06:05:26.867076,79889147,EUREX,98.413,93,98.413,113,98.413,93,98.413,113,0,0,0,597283,0
1565157926867592000,2019-08-07 06:05:26.867592,79889147,EUREX,97.623,85,97.623,102,97.623,85,97.623,102,0,0,0,597283,0
1565157926868055000,2019-08-07 06:05:26.868055,79889147,EUREX,98.854,111,98.864,92,98.854,111,98.864,92,0,0,0,597283,0
1565157926868555000,2019-08-07 06:05:26.868555,79889147,EUREX,98.575,94,98.575,90,98.575,94,98.575,90,0,0,0,597283,0
1565157926869052000,2019-08-07 06:05:26.869052,79889147,EUREX,98.134,105,98.134,115,98.134,105,98.134,115,0,0,0,597283,0
1565157926869553000,2019-08-07 06:05:26.869553,79889147,EUREX,97.492,107,97.492,99,97.492,107,97.492,99,0,0,0,597283,0
1565157926870062000,2019-08-07 06:05:26.870062,79889147,EUREX,96.641,111,96.641,90,96.641,111,96.641,90,0,0,0,597283,0
1565157926870584000,2019-08-07 06:05:26.870584,79889147,EUREX,96.374,99,96.384,103,96.374,99,96.384,103,0,0,0,597283,0
1565157926871075000,2019-08-07 06:05:26.871075,79889147,EUREX,96.337,86,96.397,100,96.337,86,96.397,100,0,0,0,597283,0
1565157926871578000,2019-08-07 06:05:26.871578,79889147,EUREX,97.138,94,97.138,100,97.138,94,97.138,100,0,0,0,597283,0
1565157926872100000,2019-08-07 06:05:26.872100,79889147,EUREX,98.019,105,98.019,99,98.019,105,98.019,99,0,0,0,597283,0
1565157926872611000,2019-08-07 06:05:26.872611,79889147,EUREX,98.186,104,98.186,107,98.186,104,98.186,107,0,0,0,597283,0
1565157926873113000,2019-08-07 06:05:26.873113,79889147,EUREX,98.863,100,98.863,107,98.863,100,98.863,107,0,0,0,597283,0
1565157926873614000,2019-08-07 06:05:26.873614,79889147,EUREX,98.611,104,98.62100000000001,94,98.611,104,98.62100000000001,94,0,0,0,597283,0
1565157926874134000,2019-08-07 06:05:26.874134,79889147,EUREX,98.661,104,98.661,101,98.661,104,98.661,101,0,0,0,597283,0
1565157926874638000,2019-08-07 06:05:26.874638,79889147,EUREX,98.345,102,98.375,98,98.345,102,98.375,98,0,0,0,597283,0
1565157926875143000,2019-08-07 06:05:26.875143,79889147,EUREX,99.579,104,99.579,89,99.579,104,99.579,89,0,0,0,597283,0
1565157926875661000,2019-08-07 06:05:26.875661,79889147,EUREX,98.81,99,98.81,100,98.81,99,98.81,100,0,0,0,597283,0
1565157926876166000,2019-08-07 06:05:26.876166,79889147,EUREX,99.264,94,99.274,102,99.264,94,99.274,102,0,0,0,597283,0
1565157926876659000,2019-08-07 06:05:26.876659,79889147,EUREX,99.685,114,99.685,94,99.685,114,99.685,94,0,0,0,597283,0
1565157926877155000,2019-08-07 06:05:26.877155,79889147,EUREX,101.005,98,101.005,97,101.005,98,101.005,97,0,0,0,597283,0
1565157926877659000,2019-08-07 06:05:26.877659,79889147,EUREX,99.836,82,99.836,109,99.836,82,99.836,109,0,0,0,597283,0
1565157926878145000,2019-08-07 06:05:26.878145,79889147,EUREX,97.927,90,97.927,99,97.927,90,97.927,99,0,0,0,597283,0
1565157926878643000,2019-08-07 06:05:26.878643,79889147,EUREX,98.879,94,98.959,103,98.879,94,98.959,103,0,0,0,597283,0
1565157926879117000,2019-08-07 06:05:26.879117,79889147,EUREX,99.734,106,99.734,97,99.734,106,99.734,97,0,0,0,597283,0
1565157926879616000,2019-08-07 06:05:26.879616,79889147,EUREX,100.003,91,100.013,107,100.003,91,100.013,107,0,0,0,597283,0
1565157926880123000,2019-08-07 06:05:26.880123,79889147,EUREX,98.776,99,98.786,99,98.776,99,98.786,99,0,0,0,597283,0
1565157926880638000,2019-08-07 06:05:26.880638,79889147,EUREX,99.045,108,99.045,100,99.045,108,99.045,100,0,0,0,597283,0
1565157926881138000,2019-08-07 06:05:26.881138,79889147,EUREX,98.585,100,98.585,103,98.585,100,98.585,103,0,0,0,597283,0
1565157926881668000,2019-08-07 06:05:26.881668,79889147,EUREX,98.07,91,98.1,101,98.07,91,98.1,101,0,0,0,597283,0
1565157926882166000,2019-08-07 06:05:26.882166,79889147,EUREX,98.188,96,98.188,104,98.188,96,98.188,104,0,0,0,597283,0
1565157926882647000,2019-08-07 06:05:26.882647,79889147,EUREX,97.226,109,97.226,109,97.226,109,97.226,109,0,0,0,597283,0
1565157926883150000,2019-08-07 06:05:26.883150,79889147,EUREX,98.956,106,98.956,101,98.956,106,98.956,101,0,0,0,597283,0
1565157926883635000,2019-08-07 06:05:26.883635,79889147,EUREX,97.891,91,97.891,99,97.891,91,97.891,99,0,0,0,597283,0
1565157926884132000,2019-08-07 06:05:26.884132,79889147,EUREX,98.372,108,98.402,101,98.372,108,98.402,101,0,0,0,597283,0
1565157926884615000,2019-08-07 06:05:26.884615,79889147,EUREX,99.448,98,99.448,100,99.448,98,99.448,100,0,0,0,597283,0
1565157926885131000,2019-08-07 06:05:26.885131,79889147,EUREX,100.901,99,100.901,101,100.901,99,100.901,101,0,0,0,597283,0
1565157926885642000,2019-08-07 06:05:26.885642,79889147,EUREX,100.981,92,100.981,92,100.981,92,100.981,92,0,0,0,597283,0
1565157926886190000,2019-08-07 06:05:26.886190,79889147,EUREX,100.21,101,100.32,102,100.21,101,100.32,102,0,0,0,597283,0
1565157926886695000,2019-08-07 06:05:26.886695,79889147,EUREX,101.624,112,101.64399999999999,92,101.624,112,101.64399999999999,92,0,0,0,597283,0
1565157926887164000,2019-08-07 06:05:26.887164,79889147,EUREX,100.505,98,100.545,95,100.505,98,100.545,95,0,0,0,597283,0
1565157926887676000,2019-08-07 06:05:26.887676,79889147,EUREX,100.071,106,100.071,99,100.071,106,100.071,99,0,0,0,597283,0
1565157926888194000,2019-08-07 06:05:26.888194,79889147,EUREX,101.748,106,101.78800000000001,82,101.748,106,101.78800000000001,82,0,0,0,597283,0
1565157926888673000,2019-08-07 06:05:26.888673,79889147,EUREX,101.691,115,101.691,88,101.691,115,101.691,88,0,0,0,597283,0
1565157926889195000,2019-08-07 06:05:26.889195,79889147,EUREX,102.163,98,102.163,104,102.163,98,102.163,104,0,0,0,597283,0
1565157926889703000,2019-08-07 06:05:26.889703,79889147,EUREX,102.787,96,102.787,93,102.787,96,102.787,93,0,0,0,597283,0
1565157926890226000,2019-08-07 06:05:26.890226,79889147,EUREX,102.496,100,102.496,101,102.496,100,102.496,101,0,0,0,597283,0
1565157926890724000,2019-08-07 06:05:26.890724,79889147,EUREX,102.544,111,102.564,100,102.544,111,102.564,100,0,0,0,597283,0
1565157926891245000,2019-08-07 06:05:26.891245,79889147,EUREX,102.328,109,102.33800000000001,101,102.328,109,102.33800000000001,101,0,0,0,597283,0
1565157926891736000,2019-08-07 06:05:26.891736,79889147,EUREX,100.303,99,100.303,103,100.303,99,100.303,103,0,0,0,597283,0
1565157926892260000,2019-08-07 06:05:26.892260,79889147,EUREX,98.564,103,98.564,114,98.564,103,98.564,114,0,0,0,597283,0
1565157926892756000,2019-08-07 06:05:26.892756,79889147,EUREX,98.831,95,98.831,108,98.831,95,98.831,108,0,0,0,597283,0
1565157926893252000,2019-08-07 06:05:26.893252,79889147,EUREX,98.048,96,98.058,107,98.048,96,98.058,107,0,0,0,597283,0
1565157926893755000,2019-08-07 06:05:26.893755,79889147,EUREX,98.25,110,98.25,101,98.25,110,98.25,101,0,0,0,597283,0
1565157926894251000,2019-08-07 06:05:26.894251,79889147,EUREX,97.336,105,97.496,108,97.336,105,97.496,108,0,0,0,597283,0
1565157926894748000,2019-08-07 06:05:26.894748,79889147,EUREX,97.089,105,97.089,98,97.089,105,97.089,98,0,0,0,597283,0
1565157926895238000,2019-08-07 06:05:26.895238,79889147,EUREX,96.945,98,96.985,88,96.945,98,96.985,88,0,0,0,597283,0
1565157926895721000,2019-08-07 06:05:26.895721,79889147,EUREX,97.006,86,97.036,96,97.006,86,97.036,96,0,0,0,597283,0
1565157926896200000,2019-08-07 06:05:26.896200,79889147,EUREX,96.208,115,96.208,98,96.208,115,96.208,98,0,0,0,597283,0
1565157926896686000,2019-08-07 06:05:26.896686,79889147,EUREX,96.227,97,96.227,96,96.227,97,96.227,96,0,0,0,597283,0
1565157926897206000,2019-08-07 06:05:26.897206,79889147,EUREX,96.168,102,96.20800000000001,103,96.168,102,96.20800000000001,103,0,0,0,597283,0
1565157926897704000,2019-08-07 06:05:26.897704,79889147,EUREX,96.161,94,96.221,101,96.161,94,96.221,101,0,0,0,597283,0
1565157926898204000,2019-08-07 06:05:26.898204,79889147,EUREX,95.911,90,95.911,98,95.911,90,95.911,98,0,0,0,597283,0
1565157926898709000,2019-08-07 06:05:26.898709,79889147,EUREX,94.632,97,94.632,92,94.632,97,94.632,92,0,0,0,597283,0
1565157926899213000,2019-08-07 06:05:26.899213,79889147,EUREX,94.474,98,94.494,102,94.474,98,94.494,102,0,0,0,597283,0
1565157926899706000,2019-08-07 06:05:26.899706,79889147,EUREX,92.687,100,92.697,95,92.687,100,92.697,95,0,0,0,597283,0
1565157926900222000,2019-08-07 06:05:26.900222,79889147,EUREX,92.364,92,92.37400000000001,100,92.364,92,92.37400000000001,100,0,0,0,597283,0
1565157926900719000,2019-08-07 06:05:26.900719,79889147,EUREX,91.558,113,91.558,100,91.558,113,91.558,100,0,0,0,597283,0
1565157926901202000,2019-08-07 06:05:26.901202,79889147,EUREX,92.298,103,92.298,94,92.298,103,92.298,94,0,0,0,597283,0
1565157926901702000,2019-08-07 06:05:26.901702,79889147,EUREX,94.296,88,94.296,104,94.296,88,94.296,104,0,0,0,597283,0
1565157926902200000,2019-08-07 06:05:26.902200,79889147,EUREX,95.009,107,95.009,101,95.009,107,95.009,101,0,0,0,597283,0
1565157926902671000,2019-08-07 06:05:26.902671,79889147,EUREX,96.3,93,96.3,97,96.3,93,96.3,97,0,0,0,597283,0
1565157926903177000,2019-08-07 06:05:26.903177,79889147,EUREX,97.13,100,97.17999999999999,110,97.13,100,97.17999999999999,110,0,0,0,597283,0
1565157926903680000,2019-08-07 06:05:26.903680,79889147,EUREX,98.013,103,98.013,98,98.013,103,98.013,98,0,0,0,597283,0
1565157926904188000,2019-08-07 06:05:26.904188,79889147,EUREX,97.477,107,97.51700000000001,97,97.477,107,97.51700000000001,97,0,0,0,597283,0
1565157926904676000,2019-08-07 06:05:26.904676,79889147,EUREX,97.062,99,97.062,97,97.062,99,97.062,97,0,0,0,597283,0
1565157926905199000,2019-08-07 06:05:26.905199,79889147,EUREX,97.918,112,97.92800000000001,102,97.918,112,97.92800000000001,102,0,0,0,597283,0
1565157926905682000,2019-08-07 06:05:26.905682,79889147,EUREX,96.617,102,96.617,95,96.617,102,96.617,95,0,0,0,597283,0
1565157926906162000,2019-08-07 06:05:26.906162,79889147,EUREX,95.392,103,95.392,115,95.392,103,95.392,115,0,0,0,597283,0
1565157926906650000,2019-08-07 06:05:26.906650,79889147,EUREX,95.736,110,95.816,100,95.736,110,95.816,100,0,0,0,597283,0
1565157926907146000,2019-08-07 06:05:26.907146,79889147,EUREX,95.73,97,95.74000000000001,91,95.73,97,95.74000000000001,91,0,0,0,597283,0
1565157926907636000,2019-08-07 06:05:26.907636,79889147,EUREX,94.338,107,94.338,97,94.338,107,94.338,97,0,0,0,597283,0
1565157926908073000,2019-08-07 06:05:26.908073,79889147,EUREX,94.253,91,94.253,96,94.253,91,94.253,96,0,0,0,597283,0
1565157926908571000,2019-08-07 06:05:26.908571,79889147,EUREX,92.663,110,92.673,93,92.663,110,92.673,93,0,0,0,597283,0
1565157926909067000,2019-08-07 06:05:26.909067,79889147,EUREX,92.98,102,92.99000000000001,95,92.98,102,92.99000000000001,95,0,0,0,597283,0
1565157926909573000,2019-08-07 06:05:26.909573,79889147,EUREX,93.165,103,93.165,102,93.165,103,93.165,102,0,0,0,597283,0
1565157926910070000,2019-08-07 06:05:26.910070,79889147,EUREX,92.07,101,92.1,98,92.07,101,92.1,98,0,0,0,597283,0
1565157926910547000,2019-08-07 06:05:26.910547,79889147,EUREX,91.606,95,91.606,109,91.606,95,91.606,109,0,0,0,597283,0
1565157926911043000,2019-08-07 06:05:26.911043,79889147,EUREX,90.49,116,90.55,102,90.49,116,90.55,102,0,0,0,597283,0
1565157926911558000,2019-08-07 06:05:26.911558,79889147,EUREX,89.932,107,90.032,98,89.932,107,90.032,98,0,0,0,597283,0
1565157926912076000,2019-08-07 06:05:26.912076,79889147,EUREX,90.582,102,90.582,106,90.582,102,90.582,106,0,0,0,597283,0
1565157926912532000,2019-08-07 06:05:26.912532,79889147,EUREX,89.884,92,89.884,96,89.884,92,89.884,96,0,0,0,597283,0
1565157926913050000,2019-08-07 06:05:26.913050,79889147,EUREX,88.571,108,88.571,101,88.571,108,88.571,101,0,0,0,597283,0
1565157926913545000,2019-08-07 06:05:26.913545,79889147,EUREX,89.059,95,89.059,96,89.059,95,89.059,96,0,0,0,597283,0
1565157926914031000,2019-08-07 06:05:26.914031,79889147,EUREX,88.202,96,88.242,93,88.202,96,88.242,93,0,0,0,597283,0
1565157926914535000,2019-08-07 06:05:26.914535,79889147,EUREX,88.512,101,88.512,109,88.512,101,88.512,109,0,0,0,597283,0
1565157926915026000,2019-08-07 06:05:26.915026,79889147,EUREX,86.959,103,86.989,93,86.959,103,86.989,93,0,0,0,597283,0
1565157926915526000,2019-08-07 06:05:26.915526,79889147,EUREX,86.787,99,86.807,110,86.787,99,86.807,110,0,0,0,597283,0
1565157926916012000,2019-08-07 06:05:26.916012,79889147,EUREX,84.937,104,84.967,93,84.937,104,84.967,93,0,0,0,597283,0
1565157926916486000,2019-08-07 06:05:26.916486,79889147,EUREX,85.108,102,85.44800000000001,103,85.108,102,85.44800000000001,103,0,0,0,597283,0
1565157926916982000,2019-08-07 06:05:26.916982,79889147,EUREX,84.664,106,84.664,101,84.664,106,84.664,101,0,0,0,597283,0
1565157926917469000,2019-08-07 06:05:26.917469,79889147,EUREX,83.532,92,83.532,103,83.532,92,83.532,103,0,0,0,597283,0
1565157926917956000,2019-08-07 06:05:26.917956,79889147,EUREX,83.265,98,83.265,95,83.265,98,83.265,95,0,0,0,597283,0
1565157926918452000,2019-08-07 06:05:26.918452,79889147,EUREX,82.664,95,82.70400000000001,98,82.664,95,82.70400000000001,98,0,0,0,597283,0
1565157926918958000,2019-08-07 06:05:26.918958,79889147,EUREX,80.965,98,80.965,100,80.965,98,80.965,100,0,0,0,597283,0
1565157926919469000,2019-08-07 06:05:26.919469,79889147,EUREX,82.561,88,82.68100000000001,96,82.561,88,82.68100000000001,96,0,0,0,597283,0
1565157926919978000,2019-08-07 06:05:26.919978,79889147,EUREX,83.262,99,83.272,95,83.262,99,83.272,95,0,0,0,597283,0
1565157926920501000,2019-08-07 06:05:26.920501,79889147,EUREX,83.074,101,83.074,104,83.074,101,83.074,104,0,0,0,597283,0
1565157926920964000,2019-08-07 06:05:26.920964,79889147,EUREX,83.608,111,83.628,111,83.608,111,83.628,111,0,0,0,597283,0
1565157926921479000,2019-08-07 06:05:26.921479,79889147,EUREX,83.366,91,83.366,105,83.366,91,83.366,105,0,0,0,597283,0
1565157926921971000,2019-08-07 06:05:26.921971,79889147,EUREX,83.639,98,83.639,104,83.639,98,83.639,104,0,0,0,597283,0
1565157926922470000,2019-08-07 06:05:26.922470,79889147,EUREX,83.535,89,83.535,103,83.535,89,83.535,103,0,0,0,597283,0
1565157926922963000,2019-08-07 06:05:26.922963,79889147,EUREX,83.945,95,83.945,104,83.945,95,83.945,104,0,0,0,597283,0
1565157926923477000,2019-08-07 06:05:26.923477,79889147,EUREX,82.158,108,82.158,106,82.158,108,82.158,106,0,0,0,597283,0
1565157926923971000,2019-08-07 06:05:26.923971,79889147,EUREX,82.422,108,82.422,111,82.422,108,82.422,111,0,0,0,597283,0
1565157926924474000,2019-08-07 06:05:26.924474,79889147,EUREX,82.203,99,82.253,95,82.203,99,82.253,95,0,0,0,597283,0
1565157926924989000,2019-08-07 06:05:26.924989,79889147,EUREX,82.798,111,82.798,108,82.798,111,82.798,108,0,0,0,597283,0
1565157926925473000,2019-08-07 06:05:26.925473,79889147,EUREX,85.75,97,85.75,88,85.75,97,85.75,88,0,0,0,597283,0
1565157926925958000,2019-08-07 06:05:26.925958,79889147,EUREX,86.749,96,86.749,97,86.749,96,86.749,97,0,0,0,597283,0
1565157926926463000,2019-08-07 06:05:26.926463,79889147,EUREX,85.623,99,85.66300000000001,101,85.623,99,85.66300000000001,101,0,0,0,597283,0
1565157926926965000,2019-08-07 06:05:26.926965,79889147,EUREX,85.976,112,85.976,117,85.976,112,85.976,117,0,0,0,597283,0
1565157926927476000,2019-08-07 06:05:26.927476,79889147,EUREX,86.125,102,86.145,108,86.125,102,86.145,108,0,0,0,597283,0
1565157926927993000,2019-08-07 06:05:26.927993,79889147,EUREX,85.172,108,85.172,97,85.172,108,85.172,97,0,0,0,597283,0
1565157926928498000,2019-08-07 06:05:26.928498,79889147,EUREX,85.691,99,85.691,96,85.691,99,85.691,96,0,0,0,597283,0
1565157926928977000,2019-08-07 06:05:26.928977,79889147,EUREX,84.499,114,84.619,92,84.499,114,84.619,92,0,0,0,597283,0
1565157926929456000,2019-08-07 06:05:26.929456,79889147,EUREX,84.59,103,84.59,95,84.59,103,84.59,95,0,0,0,597283,0
1565157926929976000,2019-08-07 06:05:26.929976,79889147,EUREX,84.671,101,84.671,109,84.671,101,84.671,109,0,0,0,597283,0
1565157926930482000,2019-08-07 06:05:26.930482,79889147,EUREX,85.146,93,85.146,103,85.146,93,85.146,103,0,0,0,597283,0
1565157926930982000,2019-08-07 06:05:26.930982,79889147,EUREX,83.952,104,83.952,104,83.952,104,83.952,104,0,0,0,597283,0
1565157926931458000,2019-08-07 06:05:26.931458,79889147,EUREX,82.576,110,82.576,97,82.576,110,82.576,97,0,0,0,597283,0
1565157926931958000,2019-08-07 06:05:26.931958,79889147,EUREX,82.64,97,82.64,96,82.64,97,82.64,96,0,0,0,597283,0
1565157926932456000,2019-08-07 06:05:26.932456,79889147,EUREX,83.596,102,83.596,101,83.596,102,83.596,101,0,0,0,597283,0
1565157926932986000,2019-08-07 06:05:26.932986,79889147,EUREX,83.306,110,83.306,111,83.306,110,83.306,111,0,0,0,597283,0
1565157926933486000,2019-08-07 06:05:26.933486,79889147,EUREX,83.621,102,83.621,92,83.621,102,83.621,92,0,0,0,597283,0
1565157926933962000,2019-08-07 06:05:26.933962,79889147,EUREX,82.889,96,83.01899999999999,103,82.889,96,83.01899999999999,103,0,0,0,597283,0
1565157926934462000,2019-08-07 06:05:26.934462,79889147,EUREX,83.532,99,83.572,99,83.532,99,83.572,99,0,0,0,597283,0
1565157926934953000,2019-08-07 06:05:26.934953,79889147,EUREX,83.712,110,83.712,107,83.712,110,83.712,107,0,0,0,597283,0
1565157926935449000,2019-08-07 06:05:26.935449,79889147,EUREX,84.749,95,84.759,104,84.749,95,84.759,104,0,0,0,597283,0
1565157926935951000,2019-08-07 06:05:26.935951,79889147,EUREX,83.589,94,83.589,84,83.589,94,83.589,84,0,0,0,597283,0
1565157926936439000,2019-08-07 06:05:26.936439,79889147,EUREX,84.02,99,84.02,111,84.02,99,84.02,111,0,0,0,597283,0
1565157926936907000,2019-08-07 06:05:26.936907,79889147,EUREX,83.495,105,83.495,93,83.495,105,83.495,93,0,0,0,597283,0
1565157926937413000,2019-08-07 06:05:26.937413,79889147,EUREX,83.568,98,83.568,99,83.568,98,83.568,99,0,0,0,597283,0
1565157926937897000,2019-08-07 06:05:26.937897,79889147,EUREX,83.121,101,83.131,105,83.121,101,83.131,105,0,0,0,597283,0
1565157926938425000,2019-08-07 06:05:26.938425,79889147,EUREX,82.42,94,82.44,95,82.42,94,82.44,95,0,0,0,597283,0
1565157926938914000,2019-08-07 06:05:26.938914,79889147,EUREX,82.135,87,82.44500000000001,101,82.135,87,82.44500000000001,101,0,0,0,597283,0
1565157926939419000,2019-08-07 06:05:26.939419,79889147,EUREX,82.814,99,82.814,93,82.814,99,82.814,93,0,0,0,597283,0
1565157926939920000,2019-08-07 06:05:26.939920,79889147,EUREX,82.242,95,82.25200000000001,99,82.242,95,82.25200000000001,99,0,0,0,597283,0
1565157926940403000,2019-08-07 06:05:26.940403,79889147,EUREX,83.685,105,83.685,105,83.685,105,83.685,105,0,0,0,597283,0
1565157926940942000,2019-08-07 06:05:26.940942,79889147,EUREX,83.961,92,83.961,103,83.961,92,83.961,103,0,0,0,597283,0
1565157926941455000,2019-08-07 06:05:26.941455,79889147,EUREX,83.26,99,83.26,99,83.26,99,83.26,99,0,0,0,597283,0
1565157926941928000,2019-08-07 06:05:26.941928,79889147,EUREX,83.293,99,83.293,113,83.293,99,83.293,113,0,0,0,597283,0
1565157926942413000,2019-08-07 06:05:26.942413,79889147,EUREX,83.463,90,83.663,100,83.463,90,83.663,100,0,0,0,597283,0
1565157926942907000,2019-08-07 06:05:26.942907,79889147,EUREX,81.65,102,81.66000000000001,99,81.65,102,81.66000000000001,99,0,0,0,597283,0
1565157926943424000,2019-08-07 06:05:26.943424,79889147,EUREX,82.879,107,82.879,101,82.879,107,82.879,101,0,0,0,597283,0
1565157926943901000,2019-08-07 06:05:26.943901,79889147,EUREX,83.3,99,83.31,94,83.3,99,83.31,94,0,0,0,597283,0
1565157926944400000,2019-08-07 06:05:26.944400,79889147,EUREX,84.196,105,84.206,103,84.196,105,84.206,103,0,0,0,597283,0
1565157926944920000,2019-08-07 06:05:26.944920,79889147,EUREX,83.325,104,83.325,105,83.325,104,83.325,105,0,0,0,597283,0
1565157926945432000,2019-08-07 06:05:26.945432,79889147,EUREX,81.903,101,81.903,89,81.903,101,81.903,89,0,0,0,597283,0
1565157926945956000,2019-08-07 06:05:26.945956,79889147,EUREX,83.716,96,83.716,95,83.716,96,83.716,95,0,0,0,597283,0
1565157926946440000,2019-08-07 06:05:26.946440,79889147,EUREX,82.486,92,82.536,90,82.486,92,82.536,90,0,0,0,597283,0
1565157926946947000,2019-08-07 06:05:26.946947,79889147,EUREX,83.618,97,83.68799999999999,100,83.618,97,83.68799999999999,100,0,0,0,597283,0
1565157926947420000,2019-08-07 06:05:26.947420,79889147,EUREX,83.667,110,83.667,95,83.667,110,83.667,95,0,0,0,597283,0
1565157926947914000,2019-08-07 06:05:26.947914,79889147,EUREX,82.804,100,82.804,115,82.804,100,82.804,115,0,0,0,597283,0
1565157926948410000,2019-08-07 06:05:26.948410,79889147,EUREX,83.812,104,83.842,95,83.812,104,83.842,95,0,0,0,597283,0
1565157926948944000,2019-08-07 06:05:26.948944,79889147,EUREX,83.269,88,83.27900000000001,101,83.269,88,83.27900000000001,101,0,0,0,597283,0
1565157926949447000,2019-08-07 06:05:26.949447,79889147,EUREX,83.813,96,83.833,110,83.813,96,83.833,110,0,0,0,597283,0
1565157926949977000,2019-08-07 06:05:26.949977,79889147,EUREX,84.483,93,84.483,97,84.483,93,84.483,97,0,0,0,597283,0
1565157926950471000,2019-08-07 06:05:26.950471,79889147,EUREX,83.706,92,83.726,98,83.706,92,83.726,98,0,0,0,597283,0
1565157926950969000,2019-08-07 06:05:26.950969,79889147,EUREX,84.201,112,84.261,105,84.201,112,84.261,105,0,0,0,597283,0
1565157926951482000,2019-08-07 06:05:26.951482,79889147,EUREX,83.018,91,83.018,110,83.018,91,83.018,110,0,0,0,597283,0
1565157926951982000,2019-08-07 06:05:26.951982,79889147,EUREX,83.512,92,83.512,102,83.512,92,83.512,102,0,0,0,597283,0
1565157926952471000,2019-08-07 06:05:26.952471,79889147,EUREX,82.962,101,82.97200000000001,91,82.962,101,82.97200000000001,91,0,0,0,597283,0
1565157926952987000,2019-08-07 06:05:26.952987,79889147,EUREX,83.523,113,83.523,96,83.523,113,83.523,96,0,0,0,597283,0
1565157926953509000,2019-08-07 06:05:26.953509,79889147,EUREX,84.31,105,84.48,99,84.31,105,84.48,99,0,0,0,597283,0
1565157926954004000,2019-08-07 06:05:26.954004,79889147,EUREX,84.076,94,84.086,102,84.076,94,84.086,102,0,0,0,597283,0
1565157926954507000,2019-08-07 06:05:26.954507,79889147,EUREX,85.961,109,85.961,111,85.961,109,85.961,111,0,0,0,597283,0
1565157926955036000,2019-08-07 06:05:26.955036,79889147,EUREX,84.757,102,84.76700000000001,96,84.757,102,84.76700000000001,96,0,0,0,597283,0
1565157926955529000,2019-08-07 06:05:26.955529,79889147,EUREX,83.312,99,83.312,102,83.312,99,83.312,102,0,0,0,597283,0
1565157926956039000,2019-08-07 06:05:26.956039,79889147,EUREX,82.312,110,82.332,106,82.312,110,82.332,106,0,0,0,597283,0
1565157926956526000,2019-08-07 06:05:26.956526,79889147,EUREX,81.847,103,81.877,103,81.847,103,81.877,103,0,0,0,597283,0
1565157926957070000,2019-08-07 06:05:26.957070,79889147,EUREX,81.496,110,81.496,97,81.496,110,81.496,97,0,0,0,597283,0
1565157926957542000,2019-08-07 06:05:26.957542,79889147,EUREX,83.571,111,83.581,94,83.571,111,83.581,94,0,0,0,597283,0
1565157926958053000,2019-08-07 06:05:26.958053,79889147,EUREX,84.266,96,84.266,110,84.266,96,84.266,110,0,0,0,597283,0
1565157926958584000,2019-08-07 06:05:26.958584,79889147,EUREX,83.951,104,83.951,109,83.951,104,83.951,109,0,0,0,597283,0
1565157926959062000,2019-08-07 06:05:26.959062,79889147,EUREX,83.99,86,83.99,90,83.99,86,83.99,90,0,0,0,597283,0
1565157926959537000,2019-08-07 06:05:26.959537,79889147,EUREX,83.871,93,83.871,95,83.871,93,83.871,95,0,0,0,597283,0
1565157926960041000,2019-08-07 06:05:26.960041,79889147,EUREX,84.169,83,84.169,103,84.169,83,84.169,103,0,0,0,597283,0
1565157926960537000,2019-08-07 06:05:26.960537,79889147,EUREX,83.278,90,83.278,123,83.278,90,83.278,123,0,0,0,597283,0
1565157926961039000,2019-08-07 06:05:26.961039,79889147,EUREX,83.27,101,83.28,114,83.27,101,83.28,114,0,0,0,597283,0
1565157926961535000,2019-08-07 06:05:26.961535,79889147,EUREX,83.69,99,83.69,98,83.69,99,83.69,98,0,0,0,597283,0
1565157926962035000,2019-08-07 06:05:26.962035,79889147,EUREX,84.854,98,84.854,98,84.854,98,84.854,98,0,0,0,597283,0
1565157926962520000,2019-08-07 06:05:26.962520,79889147,EUREX,85.505,99,85.515,105,85.505,99,85.515,105,0,0,0,597283,0
1565157926963017000,2019-08-07 06:05:26.963017,79889147,EUREX,84.98,110,84.98,93,84.98,110,84.98,93,0,0,0,597283,0
1565157926963531000,2019-08-07 06:05:26.963531,79889147,EUREX,84.473,103,84.473,100,84.473,103,84.473,100,0,0,0,597283,0
1565157926964052000,2019-08-07 06:05:26.964052,79889147,EUREX,83.36,88,83.36,89,83.36,88,83.36,89,0,0,0,597283,0
1565157926964528000,2019-08-07 06:05:26.964528,79889147,EUREX,85.027,107,85.027,89,85.027,107,85.027,89,0,0,0,597283,0
1565157926965031000,2019-08-07 06:05:26.965031,79889147,EUREX,86.3,89,86.3,104,86.3,89,86.3,104,0,0,0,597283,0
1565157926965565000,2019-08-07 06:05:26.965565,79889147,EUREX,85.143,102,85.153,98,85.143,102,85.153,98,0,0,0,597283,0
1565157926966063000,2019-08-07 06:05:26.966063,79889147,EUREX,85.603,94,85.65299999999999,96,85.603,94,85.65299999999999,96,0,0,0,597283,0
1565157926966556000,2019-08-07 06:05:26.966556,79889147,EUREX,85.813,86,85.813,104,85.813,86,85.813,104,0,0,0,597283,0
1565157926967055000,2019-08-07 06:05:26.967055,79889147,EUREX,85.404,112,85.47399999999999,102,85.404,112,85.47399999999999,102,0,0,0,597283,0
1565157926967547000,2019-08-07 06:05:26.967547,79889147,EUREX,84.825,99,84.855,97,84.825,99,84.855,97,0,0,0,597283,0
1565157926968076000,2019-08-07 06:05:26.968076,79889147,EUREX,84.574,93,84.574,104,84.574,93,84.574,104,0,0,0,597283,0
1565157926968569000,2019-08-07 06:05:26.968569,79889147,EUREX,83.51,96,83.81,97,83.51,96,83.81,97,0,0,0,597283,0
1565157926969065000,2019-08-07 06:05:26.969065,79889147,EUREX,83.824,105,83.824,100,83.824,105,83.824,100,0,0,0,597283,0
1565157926969606000,2019-08-07 06:05:26.969606,79889147,EUREX,84.572,92,84.592,103,84.572,92,84.592,103,0,0,0,597283,0
1565157926970105000,2019-08-07 06:05:26.970105,79889147,EUREX,83.968,94,84.00800000000001,105,83.968,94,84.00800000000001,105,0,0,0,597283,0
1565157926970580000,2019-08-07 06:05:26.970580,79889147,EUREX,82.788,106,82.788,109,82.788,106,82.788,109,0,0,0,597283,0
1565157926971084000,2019-08-07 06:05:26.971084,79889147,EUREX,82.128,95,82.218,91,82.128,95,82.218,91,0,0,0,597283,0
1565157926971579000,2019-08-07 06:05:26.971579,79889147,EUREX,83.738,91,83.738,99,83.738,91,83.738,99,0,0,0,597283,0
1565157926972055000,2019-08-07 06:05:26.972055,79889147,EUREX,84.006,100,84.006,96,84.006,100,84.006,96,0,0,0,597283,0
1565157926972586000,2019-08-07 06:05:26.972586,79889147,EUREX,84.782,104,84.782,111,84.782,104,84.782,111,0,0,0,597283,0
1565157926973074000,2019-08-07 06:05:26.973074,79889147,EUREX,84.397,98,84.397,89,84.397,98,84.397,89,0,0,0,597283,0
1565157926973586000,2019-08-07 06:05:26.973586,79889147,EUREX,84.335,107,84.35499999999999,97,84.335,107,84.35499999999999,97,0,0,0,597283,0
1565157926974090000,2019-08-07 06:05:26.974090,79889147,EUREX,83.559,105,83.559,96,83.559,105,83.559,96,0,0,0,597283,0
1565157926974592000,2019-08-07 06:05:26.974592,79889147,EUREX,83.636,112,83.636,82,83.636,112,83.636,82,0,0,0,597283,0
1565157926975064000,2019-08-07 06:05:26.975064,79889147,EUREX,84.314,94,84.314,104,84.314,94,84.314,104,0,0,0,597283,0
1565157926975568000,2019-08-07 06:05:26.975568,79889147,EUREX,84.757,101,84.757,112,84.757,101,84.757,112,0,0,0,597283,0
1565157926976080000,2019-08-07 06:05:26.976080,79889147,EUREX,83.214,109,83.214,100,83.214,109,83.214,100,0,0,0,597283,0
1565157926976573000,2019-08-07 06:05:26.976573,79889147,EUREX,82.572,86,82.622,89,82.572,86,82.622,89,0,0,0,597283,0
1565157926977093000,2019-08-07 06:05:26.977093,79889147,EUREX,83.41,89,83.42,107,83.41,89,83.42,107,0,0,0,597283,0
1565157926977607000,2019-08-07 06:05:26.977607,79889147,EUREX,83.356,95,83.356,108,83.356,95,83.356,108,0,0,0,597283,0
1565157926978125000,2019-08-07 06:05:26.978125,79889147,EUREX,83.183,82,83.183,104,83.183,82,83.183,104,0,0,0,597283,0
1565157926978631000,2019-08-07 06:05:26.978631,79889147,EUREX,83.735,108,83.735,113,83.735,108,83.735,113,0,0,0,597283,0
1565157926979134000,2019-08-07 06:05:26.979134,79889147,EUREX,84.126,90,84.13600000000001,99,84.126,90,84.13600000000001,99,0,0,0,597283,0
1565157926979618000,2019-08-07 06:05:26.979618,79889147,EUREX,84.949,102,84.969,118,84.949,102,84.969,118,0,0,0,597283,0
1565157926980126000,2019-08-07 06:05:26.980126,79889147,EUREX,85.69,109,85.69,96,85.69,109,85.69,96,0,0,0,597283,0
1565157926980661000,2019-08-07 06:05:26.980661,79889147,EUREX,84.879,105,84.88900000000001,95,84.879,105,84.88900000000001,95,0,0,0,597283,0
1565157926981173000,2019-08-07 06:05:26.981173,79889147,EUREX,86.356,104,86.366,100,86.356,104,86.366,100,0,0,0,597283,0
1565157926981662000,2019-08-07 06:05:26.981662,79889147,EUREX,84.698,102,84.74799999999999,96,84.698,102,84.74799999999999,96,0,0,0,597283,0
1565157926982207000,2019-08-07 06:05:26.982207,79889147,EUREX,85.974,106,86.01400000000001,101,85.974,106,86.01400000000001,101,0,0,0,597283,0
1565157926982683000,2019-08-07 06:05:26.982683,79889147,EUREX,85.641,103,85.641,93,85.641,103,85.641,93,0,0,0,597283,0
1565157926983150000,2019-08-07 06:05:26.983150,79889147,EUREX,85.346,101,85.436,94,85.346,101,85.436,94,0,0,0,597283,0
1565157926983633000,2019-08-07 06:05:26.983633,79889147,EUREX,86.308,94,86.308,91,86.308,94,86.308,91,0,0,0,597283,0
1565157926984151000,2019-08-07 06:05:26.984151,79889147,EUREX,86.017,104,86.017,95,86.017,104,86.017,95,0,0,0,597283,0
1565157926984634000,2019-08-07 06:05:26.984634,79889147,EUREX,86.055,108,86.055,89,86.055,108,86.055,89,0,0,0,597283,0
1565157926985140000,2019-08-07 06:05:26.985140,79889147,EUREX,86.682,101,86.69200000000001,102,86.682,101,86.69200000000001,102,0,0,0,597283,0
1565157926985632000,2019-08-07 06:05:26.985632,79889147,EUREX,86.567,82,86.567,100,86.567,82,86.567,100,0,0,0,597283,0
1565157926986133000,2019-08-07 06:05:26.986133,79889147,EUREX,86.602,96,86.732,88,86.602,96,86.732,88,0,0,0,597283,0
1565157926986651000,2019-08-07 06:05:26.986651,79889147,EUREX,87.47,106,87.47,106,87.47,106,87.47,106,0,0,0,597283,0
1565157926987167000,2019-08-07 06:05:26.987167,79889147,EUREX,87.987,86,87.987,106,87.987,86,87.987,106,0,0,0,597283,0
1565157926987679000,2019-08-07 06:05:26.987679,79889147,EUREX,85.753,106,85.753,100,85.753,106,85.753,100,0,0,0,597283,0
1565157926988181000,2019-08-07 06:05:26.988181,79889147,EUREX,85.56,107,85.64,87,85.56,107,85.64,87,0,0,0,597283,0
1565157926988680000,2019-08-07 06:05:26.988680,79889147,EUREX,85.246,95,85.246,81,85.246,95,85.246,81,0,0,0,597283,0
1565157926989197000,2019-08-07 06:05:26.989197,79889147,EUREX,84.162,106,84.17200000000001,79,84.162,106,84.17200000000001,79,0,0,0,597283,0
1565157926989687000,2019-08-07 06:05:26.989687,79889147,EUREX,84.832,104,84.832,95,84.832,104,84.832,95,0,0,0,597283,0
1565157926990192000,2019-08-07 06:05:26.990192,79889147,EUREX,82.8,93,82.8,99,82.8,93,82.8,99,0,0,0,597283,0
1565157926990661000,2019-08-07 06:05:26.990661,79889147,EUREX,81.643,101,81.643,95,81.643,101,81.643,95,0,0,0,597283,0
1565157926991162000,2019-08-07 06:05:26.991162,79889147,EUREX,80.446,100,80.496,103,80.446,100,80.496,103,0,0,0,597283,0
1565157926991653000,2019-08-07 06:05:26.991653,79889147,EUREX,79.636,84,79.646,99,79.636,84,79.646,99,0,0,0,597283,0
1565157926992128000,2019-08-07 06:05:26.992128,79889147,EUREX,79.178,106,79.178,103,79.178,106,79.178,103,0,0,0,597283,0
1565157926992615000,2019-08-07 06:05:26.992615,79889147,EUREX,79.302,106,79.302,106,79.302,106,79.302,106,0,0,0,597283,0
1565157926993108000,2019-08-07 06:05:26.993108,79889147,EUREX,78.247,99,78.247,94,78.247,99,78.247,94,0,0,0,597283,0
1565157926993608000,2019-08-07 06:05:26.993608,79889147,EUREX,79.507,109,79.507,83,79.507,109,79.507,83,0,0,0,597283,0
1565157926994123000,2019-08-07 06:05:26.994123,79889147,EUREX,79.134,106,79.134,111,79.134,106,79.134,111,0,0,0,597283,0
1565157926994622000,2019-08-07 06:05:26.994622,79889147,EUREX,79.994,104,80.004,95,79.994,104,80.004,95,0,0,0,597283,0
1565157926995131000,2019-08-07 06:05:26.995131,79889147,EUREX,80.012,99,80.012,93,80.012,99,80.012,93,0,0,0,597283,0
1565157926995633000,2019-08-07 06:05:26.995633,79889147,EUREX,78.848,116,78.948,118,78.848,116,78.948,118,0,0,0,597283,0
1565157926996159000,2019-08-07 06:05:26.996159,79889147,EUREX,79.599,102,79.599,104,79.599,102,79.599,104,0,0,0,597283,0
1565157926996633000,2019-08-07 06:05:26.996633,79889147,EUREX,79.93,104,79.93,86,79.93,104,79.93,86,0,0,0,597283,0
1565157926997125000,2019-08-07 06:05:26.997125,79889147,EUREX,80.88,99,80.88,97,80.88,99,80.88,97,0,0,0,597283,0
1565157926997638000,2019-08-07 06:05:26.997638,79889147,EUREX,80.208,104,80.208,104,80.208,104,80.208,104,0,0,0,597283,0
1565157926998144000,2019-08-07 06:05:26.998144,79889147,EUREX,80.258,98,80.258,96,80.258,98,80.258,96,0,0,0,597283,0
1565157926998652000,2019-08-07 06:05:26.998652,79889147,EUREX,79.757,99,79.76700000000001,111,79.757,99,79.76700000000001,111,0,0,0,597283,0
1565157926999143000,2019-08-07 06:05:26.999143,79889147,EUREX,79.651,95,79.681,102,79.651,95,79.681,102,0,0,0,597283,0
1565157926999631000,2019-08-07 06:05:26.999631,79889147,EUREX,78.687,100,78.687,97,78.687,100,78.687,97,0,0,0,597283,0
1565157927000118000,2019-08-07 06:05:27.000118,79889147,EUREX,79.591,98,79.591,91,79.591,98,79.591,91,0,0,0,597283,0
1565157927000586000,2019-08-07 06:05:27.000586,79889147,EUREX,78.921,97,78.921,94,78.921,97,78.921,94,0,0,0,597283,0
1565157927001125000,2019-08-07 06:05:27.001125,79889147,EUREX,79.75,87,79.95,89,79.75,87,79.95,89,0,0,0,597283,0
1565157927001576000,2019-08-07 06:05:27.001576,79889147,EUREX,79.142,102,79.142,98,79.142,102,79.142,98,0,0,0,597283,0
1565157927002060000,2019-08-07 06:05:27.002060,79889147,EUREX,79.229,125,79.29899999999999,106,79.229,125,79.29899999999999,106,0,0,0,597283,0
1565157927002554000,2019-08-07 06:05:27.002554,79889147,EUREX,79.098,96,79.108,92,79.098,96,79.108,92,0,0,0,597283,0
1565157927003040000,2019-08-07 06:05:27.003040,79889147,EUREX,78.712,99,78.72200000000001,100,78.712,99,78.72200000000001,100,0,0,0,597283,0
1565157927003556000,2019-08-07 06:05:27.003556,79889147,EUREX,78.577,109,78.577,102,78.577,109,78.577,102,0,0,0,597283,0
1565157927004045000,2019-08-07 06:05:27.004045,79889147,EUREX,80.672,105,80.672,98,80.672,105,80.672,98,0,0,0,597283,0
1565157927004553000,2019-08-07 06:05:27.004553,79889147,EUREX,80.219,96,80.219,100,80.219,96,80.219,100,0,0,0,597283,0
1565157927005074000,2019-08-07 06:05:27.005074,79889147,EUREX,80.574,105,80.574,96,80.574,105,80.574,96,0,0,0,597283,0
1565157927005599000,2019-08-07 06:05:27.005599,79889147,EUREX,80.135,91,80.135,105,80.135,91,80.135,105,0,0,0,597283,0
1565157927006116000,2019-08-07 06:05:27.006116,79889147,EUREX,79.307,104,79.34700000000001,107,79.307,104,79.34700000000001,107,0,0,0,597283,0
1565157927006608000,2019-08-07 06:05:27.006608,79889147,EUREX,80.029,98,80.039,106,80.029,98,80.039,106,0,0,0,597283,0
1565157927007107000,2019-08-07 06:05:27.007107,79889147,EUREX,78.19,108,78.2,109,78.19,108,78.2,109,0,0,0,597283,0
1565157927007628000,2019-08-07 06:05:27.007628,79889147,EUREX,78.439,103,78.479,100,78.439,103,78.479,100,0,0,0,597283,0
1565157927008133000,2019-08-07 06:05:27.008133,79889147,EUREX,78.051,112,78.09100000000001,98,78.051,112,78.09100000000001,98,0,0,0,597283,0
1565157927008651000,2019-08-07 06:05:27.008651,79889147,EUREX,78.82,101,79.22,103,78.82,101,79.22,103,0,0,0,597283,0
1565157927009139000,2019-08-07 06:05:27.009139,79889147,EUREX,78.05,102,78.05,96,78.05,102,78.05,96,0,0,0,597283,0
1565157927009658000,2019-08-07 06:05:27.009658,79889147,EUREX,77.479,97,77.479,103,77.479,97,77.479,103,0,0,0,597283,0
1565157927010154000,2019-08-07 06:05:27.010154,79889147,EUREX,77.548,103,77.548,87,77.548,103,77.548,87,0,0,0,597283,0
1565157927010666000,2019-08-07 06:05:27.010666,79889147,EUREX,77.537,101,77.537,95,77.537,101,77.537,95,0,0,0,597283,0
1565157927011168000,2019-08-07 06:05:27.011168,79889147,EUREX,78.23,107,78.23,94,78.23,107,78.23,94,0,0,0,597283,0
1565157927011680000,2019-08-07 06:05:27.011680,79889147,EUREX,78.172,108,78.172,109,78.172,108,78.172,109,0,0,0,597283,0
